2192 3842
211 186 274 265 428
367 185 622 251 APPENDIX
650 186 716 251 DE
742 183 850 251 Dus

212 308 274 353 tue,
295 311 346 347 rent
366 295 461 348 strenue
480 295 652 363 aliquantisper
672 293 759 363 gessit,
781 295 904 345 hortante
924 290 1017 349 Jove,

188 386 190 393 ⁴
215 370 242 421 bc
262 368 367 430 Evohe,
388 370 414 421 id
433 368 483 429 est,
505 370 571 440 Euge
582 370 644 439 fili,
658 371 835 438 ingeminante.
854 365 963 435 Jupiter
978 385 1016 433 pa·

214 454 296 494 catum
312 445 413 509 adeptus
434 461 556 512 regnum,
576 461 657 494 curam
681 445 711 494 ad
733 442 876 493 formandos
895 442 1020 491 homines

215 518 329 569 contulit.
347 518 410 567 Eum
423 519 528 568 imitatus
548 517 708 569 Prometheus
735 515 805 567 finxit
825 515 918 567 statuas
944 516 1019 582 quas·

215 592 270 641 dam
287 591 410 641 hominum
429 609 460 642 ex
478 592 582 660 argilla,
606 593 728 659 illasque,
745 602 817 657 rapto
838 605 854 640 e
873 606 952 641 cuttu
971 590 1018 640 So·

215 665 247 715 lis
265 664 341 733 igne,
362 666 487 716 animarit.
509 665 673 735 Metamorpl.
693 665 747 716 Lib.
766 684 786 715 t.
803 663 956 714 Promethei
974 676 1019 713 te·

215 739 350 789 meritatern
364 739 462 806 indigne
478 740 561 790 serens
579 739 675 807 Jupiter
688 739 814 806 negotium
831 739 958 789 Vulcano
975 739 1016 788 dc·

216 813 272 871 dit,
287 825 316 863 ut
333 829 391 864 euru
404 815 429 863 in
447 813 560 864 Caucaso
576 827 660 865 monte
679 815 818 882 religaret:
839 811 941 862 addidit
958 813 1017 861 vul·

215 898 316 945 turem,
336 888 377 954 qui
394 888 496 940 laniaret
509 887 620 946 viscera,
633 889 658 939 in
674 902 753 939 novos
770 887 898 937 eruciatus
917 887 1016 953 semper

216 961 377 1013 renascentia.
403 962 565 1012 Severitatem
585 962 657 1015 levir
683 960 766 1029 iuiqu'e
790 962 905 1023 tolerunt
935 960 1016 1010 ceteri

216 1032 278 1092 Dii,
294 1051 323 1083 ac
341 1035 472 1085 doluerunt
490 1035 555 1103 qubd
571 1036 613 1086 srbi
627 1036 671 1086 uni
682 1034 863 1086 formandorum
883 1034 1016 1084 homiuum

216 1104 255 1174 jus
271 1120 406 1176 arrogaret.
422 1107 507 1174 Quare
525 1110 621 1159 collatis
641 1110 722 1160 studiis
742 1110 767 1161 dt
779 1107 946 1167 muneribus,
960 1125 1016 1157 mu·

216 1181 304 1229 lierem
318 1180 453 1242 effinxere,
472 1199 542 1250 quam
557 1181 693 1235 Pandoram
706 1183 859 1250 appellarunt
874 1213 883 1240 ,
900 1181 971 1248 quasa
983 1197 1014 1232 ex

217 1256 326 1305 omnium
340 1256 411 1307 donis
429 1257 567 1308 conflatam.
588 1258 683 1324 Jupiter
706 1255 825 1323 Superum
844 1255 1014 1323 arrogantiam

197 1329 336 1388 ¹ulturus,
352 1329 388 1380 illi
412 1329 531 1398 capsulam
553 1332 621 1381 dedit
631 1358 644 1391 ,·
661 1331 747 1382 infelix
770 1346 884 1387 muttum
913 1331 939 1379 in
960 1345 1013 1379 eam

217 1403 309 1469 quippe
329 1403 441 1472 congesta
459 1414 529 1454 erant
551 1405 632 1455 omnia
648 1419 744 1455 natura>
759 1405 831 1455 mala.
851 1402 925 1453 Hanc
946 1401 1012 1453 Pan·
1076 1452 1077 1469 q

218 1476 279 1526 dora
296 1474 350 1527 etim
367 1476 488 1528 detulisset
504 1479 534 1527 ad
552 1480 719 1545 Epimetheum
738 1477 880 1528 Promethei
892 1477 1011 1539 fratrem,
1076 1482 1077 1517 1

217 1549 261 1599 itte
278 1550 392 1617 impulsus
416 1551 554 1602 curiositate
575 1553 666 1618 pravi,
687 1551 756 1611 five,
778 1563 805 1602 ut
828 1550 869 1600 alii
888 1565 1011 1609 narrant,
1076 1546 1077 1553 ’

218 1622 274 1690 ejus
289 1642 368 1683 uxor,
390 1625 508 1692 capsulam
533 1628 630 1693 aperuit
648 1643 656 1686 ς
672 1643 704 1677 ex
726 1624 805 1693 'eaque
830 1625 912 1691 pestes
932 1625 1011 1675 omnia

218 1698 316 1764 generis
335 1698 359 1748 in
376 1700 461 1750 orbem
474 1709 593 1751 terrarum
613 1701 759 1756 evolarunt,
777 1698 829 1749 soli
847 1699 898 1763 Spe
913 1699 939 1748 in
955 1698 1011 1749 sun·

218 1770 252 1820 do
269 1770 372 1837 capsulae
393 1771 486 1824 reflua.
505 1773 571 1827 Hine
589 1786 648 1824 aetas
665 1774 745 1824 serree
767 1772 792 1824 δι
810 1772 935 1822 scelerum
958 1774 1009 1822 col·

219 1843 296 1895 luvies
319 1858 375 1896 nata
401 1845 443 1895 est.
464 1844 556 1898 Jovern
582 1865 632 1897 nort
658 1865 730 1898 unttna
752 1846 777 1896 in
799 1843 875 1896 Creta
903 1845 1009 1914 regnasse

218 1916 346 1970 doliorum
362 1920 450 1986 opinio
466 1919 524 1971 esi:
548 1921 656 1972 omnium
679 1919 853 1972 celeberrimus
870 1919 1008 1970 Abrabamo

219 1991 345 2058 supparem
364 1990 480 2045 Eusebius
496 1995 565 2046 facit.
582 1995 678 2047 Patrem
692 1994 807 2063 spoliavit
823 2010 925 2064 reguo,
945 1992 1008 2061 quod

219 2065 254 2116 ita
274 2083 329 2117 cum
345 2066 392 2118 suis
412 2068 527 2119 fratribus
551 2071 670 2137 Neptuno
691 2067 841 2121 &Plutone
871 2066 965 2127 divina,
982 2081 1007 2118 ut

219 2139 263 2213 ipsa
280 2142 394 2209 regiooes
413 2144 445 2192 ad
463 2160 542 2194 ortuum
562 2143 628 2202 litae,
655 2143 755 2195 Plutoni
772 2142 875 2193 occidua
896 2158 952 2207 pars
973 2143 1007 2191 in-

219 2213 294 2273 sulae,
313 2216 430 2282 Neptuno
446 2218 557 2268 maritimi
578 2219 667 2285 trailua
688 2219 830 2285 obtigerint.
853 2215 920 2267 Hirtc
942 2214 1009 2282 Jupi-

221 2300 262 2339 ter
280 2289 354 2352 coeli‚
371 2290 501 2355 Neptunus
519 2293 613 2351 marie,
632 2292 705 2342 Pluto
722 2290 857 2341 inferorum
882 2306 945 2348 rex,
967 2307 1009 2339 nu·

221 2378 327 2428 metaque
344 2362 419 2414 uiuus
437 2364 479 2414 est.
501 2364 571 2417 Joeit
593 2366 690 2416 nomine
717 2364 783 2431 apud
808 2364 896 2430 positas
917 2363 967 2413 Aer
986 2376 1010 2413 ut

222 2433 352 2501 plurimbm
374 2432 536 2504 significatur,
554 2438 603 2490 five
628 2441 716 2489 coelum
733 2456 743 2497 3
763 2450 790 2488 ut
807 2437 909 2487 nomine
933 2435 1011 2489 June·

222 2509 281 2569 nit,
299 2527 353 2577 quae
371 2510 445 2564 lotia
456 2512 565 2575 conjux,
582 2525 648 2563 terra
665 2531 674 2572 ς
691 2512 773 2578 quiae
792 2512 872 2570 coelo,
883 2523 1010 2576 terraque,

223 2583 303 2632 omnia
321 2584 461 2651 gignuntur.
478 2585 591 2651 Ejusdem
602 2586 672 2639 Jovie
686 2587 751 2636 vatia
766 2585 819 2634 sunt
834 2584 897 2649 apud
910 2584 1007 2650 scripto·

222 2671 264 2706 tes
281 2657 397 2721 prosauos
418 2659 538 2709 nomina:
559 2661 613 2709 haec
627 2659 803 2728 frequentiora.
823 2653 952 2723 Diespiter
969 2674 1009 2707 vo·

224 2741 314 2789 catur,
335 2730 399 2797 quast
418 2732 465 2781 diei
485 2747 577 2799 pater:
594 2733 732 2791 Feretrius,
747 2731 793 2781 vel·
807 2729 875 2797 quid
888 2730 966 2781 hosset
977 2731 1008 2781 le·

178 2855 183 2864 ,
225 2803 304 2862 riret,
321 2806 362 2856 vel
377 2805 443 2871 qubd
457 2807 482 2855 in
502 2804 689 2873 ejus-templum
710 2807 835 2856 sectentur
858 2804 938 2871 opima
957 2805 1007 2870 spo·

225 2879 267 2928 tia.
285 2877 373 2929 Stator
395 2879 450 2944 [ita
475 2878 536 2929 esta
558 2880 664 2931 Romulo
683 2879 779 2945 disiue]
800 2877 867 2945 quod
889 2877 1009 2928 Romano-

223 2968 279 3003 rum
305 2966 392 3002 contra
416 2953 518 3003 Sabinos
537 2956 697 3023 pugnantium
717 2956 798 3020 sugam
825 2951 917 3002 siiteeat
933 2966 941 3004 t
957 2951 1008 3002 Xe·

219 3026 298 3084 aiae,
318 3024 367 3076 site
389 3023 545 3092 Hospitalis)
572 3029 625 3097 quia
652 3029 753 3096 gerebat
777 3025 899 3091 hospitum
923 3041 1011 3079 cunm·

227 3096 343 3165 Veiovie,
360 3098 385 3150 dt
408 3098 496 3150 Vedius
522 3113 581 3152 tunc
606 3103 793 3168 appellabatur,
810 3097 864 3151 etim
885 3100 1011 3166 rogabatur

226 3172 330 3238 nequid
349 3173 451 3223 inferret
478 3175 532 3224 mali
556 3177 609 3233 3&
631 3176 695 3225 inter
720 3172 949 3239 finisira'noxiaque
972 3188 1011 3223 nte·
1075 3228 1076 3239 q

226 3245 290 3296 m‘uu
307 3247 450 3300 censebatur
462 3261 472 3302 t
486 3247 556 3301 frua
569 3265 644 3302 voees
663 3248 711 3301 itia
727 3248 781 3300 sum
799 3260 833 3300 ex
847 3245 1011 3316 itttetjasliooa
1075 3264 1076 3267 ¹
