2192 3842
157 214 219 284 ετ
239 215 496 282 nanotnus
518 215 762 288 Ponticis.
804 243 863 311 4„

63 344 124 397 quo
140 326 189 380 iste
202 327 371 385 Bacchantea,
394 325 500 393 pellibus
519 326 634 397 tigridum
650 329 675 379 δι
696 329 869 395 pantherarum

64 403 185 462 indute,
206 417 387 471 nonnumquam
404 412 500 451 armate
510 399 621 461 facibus,
641 418 686 470 per
701 405 782 455 invios
796 423 871 458 mon·

68 488 116 528 tes
143 478 320 545 vagabantur,
346 474 478 542 presertim
509 474 535 525 in
563 475 679 527 Thracia.
705 477 873 548 Metamorplr.
915 518 918 525 .

70 547 209 615 libna&
230 568 265 600 tt.
283 548 376 601 Ptaeter
391 547 456 600 illius
474 548 589 606 nomina,
612 567 665 617 quae
687 553 841 619 exposuimus
858 569 870 614 ς

69 623 239 694 Metamorplt.
253 621 308 674 til.
325 637 342 684 q
357 656 365 681 ,
381 634 485 673 vocatur
496 623 568 673 etiam
580 621 711 692 Dionysius
722 659 731 682 ,
743 624 792 677 sive
804 626 875 678 Dio-¹

68 697 171 767 stylus,
192 716 206 748 a
228 697 310 758 love,
332 695 402 763 ipfiue
425 708 515 764 patre,
537 697 563 748 bt
582 698 612 747 ab
638 699 698 749 urbe
723 700 810 768 Nysa,
829 699 872 753 ubi

70 772 190 839 regnavit
200 788 208 822 t
218 772 259 822 vel
270 804 279 830 ,
295 788 309 820 a
319 769 414 838 Nysaeis
424 770 537 838 nymphis
547 803 555 829 ,
565 786 580 819 a
596 770 682 839 quibus
693 772 811 825 educatus
825 773 872 826 eti.

71 845 153 911 Apud
167 845 267 897 Latinos
281 843 356 911 vulgd
373 843 447 894 Liber
468 845 621 905 dicebatur,
633 845 689 913 quia
713 847 783 897 ebrio
807 849 884 899 tibae

74 920 131 972 rius
140 919 219 978 nihil,
233 918 293 968 nihil
307 920 337 968 ab
352 917 418 968 ontni
433 934 491 969 cura
508 917 619 970 solutius.
636 919 702 970 Huic
717 921 809 971 nomini
819 923 876 973 res·

74 993 175 1064 pondet
193 993 309 1051 Graecum
321 992 419 1060 Lyaeus.
437 992 501 1043 Hinc
512 990 567 1059 ejus
578 991 636 1043 fella
644 982 798 1046 uocabantur
808 995 875 1063 apud

77 1067 188 1119 Graecor
205 1065 323 1136 Dionyfia
341 1082 350 1124 a
370 1064 434 1132 apud
459 1065 559 1117 Latinos
586 1064 648 1118 verd
670 1067 806 1128 Liberalia,
824 1069 876 1121 save

76 1140 251 1196 Bacchanalia.
268 1140 403 1192 Peculiaria
414 1140 523 1206 quaedam
540 1142 728 1193 celebrabantur
743 1143 769 1193 in
783 1143 876 1195 Attica

76 1215 167 1286 pegia,
187 1215 285 1271 Aitolia
301 1225 459 1280 nuncupata,
475 1230 492 1263 a
512 1229 577 1265 voce
595 1212 705 1275 Graeca,
723 1233 776 1283 quae
794 1230 877 1269 utretn

77 1288 208 1360 fignificat.
234 1289 380 1339 Statuebant
396 1286 481 1353 itaque
500 1298 571 1338 utres
599 1288 706 1339 hircinos
736 1290 760 1338 in
781 1304 876 1356 prato,

78 1364 197 1419 innatos,
210 1363 237 1415 δι
252 1364 310 1414 oleo
325 1353 445 1412 idoneior.
457 1360 582 1410 Saltabant
594 1377 639 1428 per
653 1362 698 1412 bor
710 1361 789 1412 rustici
802 1364 877 1414 unico

78 1436 177 1491 tantiam
192 1437 255 1504 pede
273 1452 282 1495 ς
301 1452 355 1485 nan
372 1435 475 1484 alterurn
493 1434 618 1491 anuum.
638 1436 664 1487 dt
681 1434 706 1486 in
723 1437 781 1488 aire
801 1437 879 1486 libra-

76 1525 136 1565 turu
156 1513 287 1562 habebant.
312 1508 363 1573 Qui
385 1507 505 1557 cadebant
528 1507 615 1575 [quod
635 1509 736 1575 proprio
755 1511 880 1561 vocabulo

79 1601 203 1637 ceruuare
225 1583 312 1635 dietum
331 1581 395 1632 esta
420 1580 556 1639 Romanis,
582 1581 667 1631 eadetn
694 1582 793 1633 subinde
820 1583 880 1635 tetta

80 1659 202 1726 imitatis]
222 1657 270 1708 risu
286 1654 386 1725 agrestia
403 1670 522 1712 coronae,
535 1653 561 1706 δι
581 1654 703 1706 cachinnis
722 1657 889 1724 excipieban·'

81 1748 138 1786 tut.
150 1729 252 1796 Consule
267 1730 418 1786 Lacerdam,
435 1726 491 1779 tta.
508 1726 539 1778 11
559 1725 648 1798 Georg.
663 1725 730 1797 versa
743 1730 804 1798 384.
819 1730 881 1784 Sunt

70 1807 129 1877 qui
149 1806 316 1857 adumbratum
335 1804 360 1854 in
378 1802 478 1854 Baccho
494 1801 562 1853 fuiffe
580 1804 661 1855 velint
686 1805 880 1865 Narnbrodurn,

83 1881 130 1950 qui
150 1878 256 1931 Hebraei
273 1893 341 1929 vore.
351 1877 488 1933 banchus,
503 1874 529 1926 id
540 1875 590 1937 est,
608 1875 680 1927 Chuh
695 1876 778 1935 filius,
798 1879 892 1947 appel·¹

73 1958 164 2008 latur.
183 1953 245 2005 Sunt
261 1951 303 2020 qui
322 1950 436 2020 Moysen
454 1950 479 2001 in
499 1966 532 2000 eo
548 1950 683 2017 expressum
703 1965 833 2020 pugnent,
852 1969 883 2004 ae

84 2030 164 2082 multa
183 2026 311 2096 proferunt
329 2041 343 2074 a
364 2024 444 2090 poitis
460 2023 577 2075 attributa
596 2022 694 2075 Baccho
705 2043 786 2092 ,quar
810 2026 886 2094 plane

86 2104 115 2155 iu
135 2101 251 2170 Moysetu
271 2098 398 2168 quadrant.
417 2096 531 2165 Plerique
552 2114 638 2149 omnes
659 2100 780 2149 Nodinum
804 2098 830 2150 in
851 2116 884 2150 eo

88 2175 214 2244 depitiutn
233 2173 354 2229 censent,
374 2172 478 2222 satorem
500 2171 575 2231 vitis,
596 2172 688 2223 aerini
703 2171 751 2223 save
767 2171 885 2224 monstra·

87 2265 189 2309 torem,
213 2246 262 2299 five
280 2258 456 2313 reparatorem.
473 2244 503 2295 In
524 2263 577 2297 earn
595 2245 737 2298 senteutiam
759 2247 886 2314 explicant

89 2342 149 2395 qua.
166 2324 248 2391 poete
267 2320 299 2371 de
323 2320 421 2371 Baccho
440 2318 539 2370 tradunt
557 2335 575 2372 .·,
587 2330 708 2387 nempe‘a
729 2319 893 2382 natatibus,

89 2397 199 2453 fontium
216 2394 331 2464 nymphis'
344 2391 500 2459 prarlidibua,
515 2394 645 2444 educatutn
659 2393 744 2451 fuill'er
759 2407 786 2445 ut
802 2395 894 2445 vinurn'

92 2471 158 2541 aqui
177 2468 360 2536 temperandum
383 2467 512 2518 docerent.
535 2466 641 2535 Pingunt
666 2468 778 2519 eundern
797 2469 887 2533 puerili

94 2549 193 2613 semper
213 2544 284 2594 vultu
303 2541 393 2601 alebrii
407 2557 538 2608 puerorum
553 2539 662 2592 iimillitni
680 2540 733 2593 lunt
752 2558 759 2593 a
779 2541 887 2601 nudum,

93 2621 154 2691 quia
175 2617 266 2668 nuuun
280 2615 351 2667 ebrio
373 2630 488 2665 arcanum
514 2613 557 2665 est.
584 2615 696 2666 Furiosus
724 2616 827 2666 comiter
851 2617 897 2666 illi'

95 2691 301 2755 addunt,tigter
318 2688 372 2756 ejus
384 2687 465 2739 currui
475 2686 622 2758 subjungunt
632 2706 643 2749 ς
656 2689 710 2756 quia
722 2688 823 2752 vinum,
840 2707 889 2742 ex·

95 2767 165 2824 ruffo
183 2764 285 2818 ratione
301 2762 422 2830 irnperio,
439 2760 632 2829 intemperanter
651 2761 686 2815 iri
708 2762 834 2818 &lurore
850 2764 890 2825 itte

97 2841 248 2903 cendit,=ae
264 2838 353 2890 belluis
365 2834 496 2888 linillimor
512 2834 607 2890 reddit.
888 2854 890 2857 ’
