2192 3842
206 208 269 274 rr
290 188 808 280 unfnornusronrrcrs,
847 237 910 300 „7

2 316 4 325 ¹
105 316 168 386 ojus
191 318 311 381 filiabus,
332 321 460 390 jugulavit.
481 318 641 390 Metamorph.
660 319 716 372 Lib.
739 339 765 387 7.
784 321 859 376 lason
874 325 910 374 in·

2 393 3 419 ³
107 404 210 453 terea,
230 394 377 447 Corinthum
391 395 521 463 protectus
535 397 567 445 ad
588 396 723 447 Creontem
740 413 840 464 regern,
855 395 913 464 ejus

107 464 189 518 filiam
220 469 334 521 Creusam
357 470 485 521 adamavit.
511 470 604 521 Medea
632 470 656 521 se
679 470 782 537 spretam
805 471 912 528 furens.

105 543 227 593 arculam
247 546 346 612 gemmis
369 545 498 596 incantatis
520 546 617 611 plenam
640 543 737 596 Creirsae
757 544 835 605 milit,
855 560 912 612 qua

106 613 173 683 igne
197 633 340 686 concepto,
363 621 388 671 bt
408 618 502 687 ipsam,
520 622 547 671 &
569 618 703 670 Creontem
719 618 910 686 absumpserunt.

105 689 281 760 Metamorph.
308 692 364 743 Lib.
391 693 529 756 7.,Medea
555 692 607 760 post
636 695 806 759 exprobratam
828 692 913 746 lasoni

50 782 62 805 ο
104 762 265 830 perfidiam,
287 766 410 835 susceptos
432 784 463 817 ex
479 784 512 818 eo
532 767 594 818 duos
613 765 676 818 lilios
693 801 701 826 ‚
720 766 745 816 in
759 766 830 834 ipsius
849 784 910 817 con·
934 774 937 782 '

106 837 199 904 spesiu
216 840 352 900 mactavit,
376 841 492 909 alatisque
508 841 580 892 resia
600 841 773 899 draconibus,
800 840 914 891 Athenas

105 911 191 962 evasit
212 915 247 964 ad
265 911 372 985 AEgeum
389 932 472 984 regern
490 931 498 966 t
521 916 565 965 cui
583 913 637 965 crim
655 914 787 981 nuphliet,
802 931 831 965 ac
854 915 909 964 Me·

106 987 169 1036 dum
203 985 276 1039 hlium
309 989 449 1058 genuisset,
474 1003 561 1040 conata
588 989 621 1039 est
648 988 770 1038 Theseum
795 1021 803 1048 ‚
834 987 913 1057 AEgci

108 1058 214 1120 filium,
233 1065 344 1114 emedio
361 1065 469 1123 tollere,
489 1079 586 1114 ueneno
603 1064 683 1114 dato:
705 1062 916 1129 sed-deprehenso

107 1134 212 1186 scelere
230 1171 239 1193 ,
264 1139 326 1205 sugit
343 1139 369 1188 in
386 1155 438 1188 eant
459 1138 520 1190 Ahae
538 1151 654 1204 partem,
675 1152 728 1203 cptae
746 1139 776 1186 ab
792 1135 846 1204 ejus
859 1136 915 1188 filio

109 1208 205 1259 Media
221 1210 254 1259 est
269 1214 400 1261 nominata.
416 1211 578 1278 Metamorplr.
599 1212 653 1261 Lib.
671 1228 696 1275 7.
713 1210 913 1277 Argonautarum

108 1283 302 1349 expeditionem
323 1285 468 1353 chronologi
490 1284 607 1352 assignant
632 1301 695 1333 anno
716 1284 768 1349 poli
787 1286 915 1335 conditum

108 1356 188 1406 Ilium
205 1357 352 1428 sexagesimo
363 1373 469 1426 quarto:
487 1372 543 1408 ante
558 1359 611 1423 ejus
626 1356 721 1414 axosrn,
736 1357 911 1426 septuagesimo

111 1448 198 1483 nono·

302 1503 503 1557 cmxix.
532 1503 743 1576 cunnus,
777 1470 779 1477 ’

111 1591 143 1709 J
154 1664 300 1703 urrann
321 1653 344 1703 in
363 1650 459 1704 taurum
484 1654 616 1704 conversus
634 1652 751 1717 Europen
769 1650 916 1719 Agenoris,

110 1724 262 1777 Phoenicum
281 1729 347 1796 regis
364 1725 436 1778 filiam
454 1761 462 1787 ,
478 1728 625 1778 abduxerat
645 1726 669 1776 in
689 1725 799 1781 Cretam.
825 1726 915 1778 Meta-

111 1797 237 1869 morplros.
261 1800 317 1851 Lib.
339 1820 365 1851 2.
387 1802 490 1871 Agenor
512 1801 567 1868 ejus
594 1800 763 1869 investigandae
781 1802 913 1869 negotium

111 1874 224 1926 Cadmo·
234 1873 288 1925 silio
304 1876 396 1936 dedit,
417 1893 540 1943 eumque,
559 1873 602 1926 nisi
619 1875 717 1942 reperti
735 1874 819 1925 sorore
836 1909 843 1936 ‚
865 1877 915 1926 doo'

110 1965 183 1999 mum
213 1949 293 2000 redire
315 1951 405 2001 vetuit.
438 1950 546 2002 Cadmus
571 1949 701 2015 pererratis
728 1948 811 1998 sruslra
839 1949 916 2001 variis-

112 2024 184 2073 orbis
206 2035 325 2074 terrarum
352 2024 461 2090 partibus
483 2057 490 2082 ,
514 2024 616 2073 oraculo
638 2022 763 2088 Delphico
784 2021 857 2087 jussus
878 2023 916 2073 el’c

104 2096 139 2147 in
161 2113 196 2147 eo
218 2097 323 2148 Graeciae
343 2099 401 2148 loco
416 2096 565 2156 consistere,
584 2094 735 2144 ubiobvium
747 2096 849 2145 haberet
865 2098 916 2146 bo·

112 2187 196 2228 vern,
215 2172 296 2237 ibique
316 2172 400 2221 urbem
418 2173 548 2227 condere;
566 2168 728 2237 Metamorplt.
745 2168 801 2219 Lib.
820 2186 844 2236 3.
864 2170 915 2222 Re«

114 2245 236 2313 gionem,
257 2245 376 2294 boeotiam
390 2261 399 2303 ς
419 2247 524 2303 urbem,
544 2243 644 2294 Thebas
661 2242 820 2310 appellavit·
900 2266 919 2278 -·

155 2318 186 2368 ln
203 2335 232 2368 ea
249 2320 332 2385 piures
351 2321 463 2388 regnavit
480 2334 576 2377 annos,
595 2316 730 2368 domesticis
747 2329 829 2367 tamen
849 2315 920 2367 calam

106 2392 243 2442 unitatibus
271 2391 379 2462 graviter
403 2393 564 2444 condidatus.
593 2390 631 2441 Ex
651 2390 705 2456 ejus
726 2392 816 2458 quippe
832 2390 921 2443 liberis*

115 2467 219 2518 Semele
237 2464 291 2517 edm
311 2466 421 2523 iovem,
443 2485 474 2518 ex
498 2483 547 2534 quo
563 2464 686 2517 bacchum
708 2465 804 2523 edidit,
827 2464 918 2517 videre

114 2540 288 2592 fulminantem
310 2541 448 2606 exoptasset
470 2574 477 2600 ,
503 2538 609 2590 ambusta
629 2539 728 2590 fulmine
747 2539 844 2607 periit:
867 2539 917 2590 lno

116 2615 243 2666 surentem
264 2615 342 2665 virum
363 2615 430 2666 suum
452 2614 625 2666 Athamantem
649 2613 771 2682 sugiens,
799 2613 824 2665 in
847 2629 921 2665 maro·

116 2689 142 2740 se
165 2687 316 2755 precipitem
335 2689 412 2739 dedit.
432 2687 596 2757 Metamotpl.
608 2686 663 2740 Lib.
683 2704 712 2751 4.
725 2687 833 2756 Agave,
849 2685 916 2738 Pen·
966 2686 969 2692 '

117 2763 172 2813 thei
190 2774 285 2823 mater,
302 2760 377 2813 filium
395 2761 525 2831 discerpit.
545 2761 709 2832 risctmorpd.
732 2761 788 2814 Lib.
808 2779 832 2830 3.
851 2760 919 2813 eata

119 2853 175 2887 mus
188 2829 344 2904 ipse'Thebis
359 2836 441 2903 pulsus
456 2839 487 2887 ah
503 2835 660 2904 Amphione,
681 2834 797 2887 concessu
813 2836 843 2885 ad
856 2837 924 2902 Illy-r

119 2909 172 2962 rios
186 2943 194 2970 ,
209 2927 263 2961 cum
279 2910 386 2980 conjuge
398 2944 409 2970 ‚
423 2911 466 2961 ubi
480 2910 553 2962 taedio
569 2908 840 2966 calamitatum-affecti,
858 2909 919 2961 Diis

119 2985 289 3037 miserantibus
298 3019 309 3046 ,
317 2986 342 3036 in
354 2987 480 3054 serpentes
492 2986 565 3035 ambo
575 2984 664 3035 mutati
675 2983 739 3036 sunt.
750 2982 916 3057 Metamorph.

120 3057 179 3111 lib.
199 3076 227 3123 4.
490 3076 491 3081 ¹
855 3095 857 3099 .
916 3082 919 3091 ¹

159 3131 283 3200 Amphion
302 3132 427 3185 Thebane
448 3131 554 3185 civitatis
573 3148 656 3185 muros
677 3131 805 3188 condidit,
825 3146 923 3182 conver

122 3205 245 3258 trientibus
263 3207 294 3258 ad
313 3209 416 3259 sonitum
433 3209 493 3278 lyrae
506 3209 588 3266 saxis,
609 3207 750 3275 septemque
766 3206 791 3256 in
807 3221 835 3255 ea
854 3218 918 3271 por-⁴

111 3290 161 3335 tat
185 3281 293 3353 aperuit.
309 3281 381 3337 ilaus
400 3282 545 3339 Alexander
565 3283 689 3346 delerit,
715 3280 816 3334 Pindari
833 3292 917 3332 tamen
