2192 3842
160 221 221 302 438
320 212 567 278 APPENDIX
599 211 660 275 DE
685 211 790 276 DIlS

162 331 215 378 haec
231 324 355 377 simulacra
372 326 430 374 itam
451 324 477 374 ὃι
496 339 581 388 poenas
603 321 777 382 effunderent,
796 321 814 372 st
833 338 896 390 quas
909 320 971 390 ipfi·

163 414 216 452 met
238 400 348 451 homines
368 395 657 467 commeruillentnctlm
682 398 760 448 bullas
782 397 855 464 pueri
883 397 972 464 depo·

166 478 270 534 nebant,
289 490 330 523 eas
349 472 448 523 Laribus
466 469 650 522 consecrabant.
674 470 756 522 Canes
778 471 826 522 illis
845 471 972 521 erautda'·
1065 524 1066 531 χ

167 548 233 609 eati,
253 549 339 598 animal
368 545 550 604 domesticum,
575 545 601 596 ὅ(
628 543 701 595 fidele
723 561 732 604 3
754 544 851 613 ipsique
876 543 970 595 canini

158 624 234 692 pelle
250 621 422 671 vestiebantur.
443 619 523 669 Locu‘s
542 618 643 669 Laribus
663 618 727 670 domi
746 619 832 679 sacer,
856 620 970 670 vocaba-

170 710 211 749 tur
230 696 360 746 Lararium.
375 684 458 760 Iidem
472 691 590 744 Ptaestites
608 693 814 752 nominabantur,
835 693 905 760 quafi
927 690 969 760 qui
1066 718 1067 737 ;

170 773 245 821 multa
268 769 361 819 familiis
380 767 507 819 commoda
527 767 675 832 praellarent.
696 766 823 834 Proprium
843 765 970 833 cujusque

170 844 274 895 hominis
296 861 385 894 numen
407 840 514 909 Genium
533 843 656 892 vocabant
671 858 680 901 3
697 858 802 909 eumque
819 840 890 891 simul
913 857 971 890 cum

172 936 222 968 uno
243 934 341 985 quoque
367 916 456 976 nasci,
480 916 505 968 δι
530 916 592 966 mori
619 917 806 966 arbitrabantur.
830 914 972 982 Duplicena

173 993 310 1042 statuebant
329 990 453 1048 Genium,
472 992 575 1040 alterum
596 991 724 1040 candidum
742 989 883 1040 &felicem
905 990 974 1047 ;al·

173 1078 253 1117 terum
270 1066 364 1132 nigrum
392 1066 417 1115 δι
440 1063 574 1121 suridrum,
597 1064 639 1129 qui
664 1064 682 1113 si
702 1065 758 1114 albo
776 1063 836 1114 eliet
858 1062 973 1123 fortior,

174 1137 286 1188 omnibus
307 1138 445 1189 infortuniis
470 1137 581 1187 miserum
608 1138 730 1187 hominem
750 1136 813 1188 male
838 1137 974 1187 multabat.

175 1212 328 1275 feminarum
347 1210 444 1262 Genios
467 1212 622 1278 appellabant
641 1211 763 1264 iunones.
786 1211 894 1277 Serpens
913 1208 974 1260 Ge·

175 1287 218 1336 nio
230 1286 323 1337 dicatus
342 1297 404 1336 erat.
422 1285 514 1335 Rerum
531 1286 687 1336 humanatum
707 1285 784 1336 veluti
801 1287 897 1334 clavum
918 1301 974 1334 mo·

178 1361 307 1410 derabatur
325 1360 450 1417 Fortuna,
470 1359 526 1409 Dea
543 1375 631 1420 caeca,
650 1372 711 1410 rotae
729 1358 833 1409 insidens
851 1358 972 1418 volubili,

179 1435 206 1485 δι
222 1433 246 1483 in
267 1433 316 1483 sola
334 1433 491 1484 inconstantia
508 1432 628 1483 constans.
650 1433 714 1483 Huic
734 1430 837 1483 maxime
853 1431 974 1499 supplice·

178 1509 256 1568 bant,
273 1507 344 1575 eique
363 1508 431 1557 varia
451 1505 549 1556 diversis
568 1507 703 1557 nominibus
723 1509 814 1573 templa
832 1505 909 1573 posita
931 1522 974 1557 re·

179 1582 316 1649 periuntur.
336 1581 362 1631 si
382 1581 434 1647 quis
452 1580 549 1631 fortuni
567 1579 672 1631 secunda
692 1581 718 1632 ὅ(
735 1580 837 1632 favente
856 1581 975 1631 abutere·

179 1668 242 1712 tur,
261 1656 326 1704 hunc
343 1655 464 1721 pletlebat
483 1651 613 1712 Nemesis,
637 1652 796 1722 &indignos
816 1653 974 1723 ingratosque

170 1729 356 1779 ‘ulciscebatura
369 1728 475 1777 luditum
493 1727 517 1776 id
533 1728 568 1777 illi
587 1744 707 1778 nomena
724 1745 788 1779 uoce
807 1726 904 1779 Graeea'
919 1744 974 1795 qua

180 1799 296 1870 significat
314 1799 469 1861 distribuere,
491 1801 548 1867 quia
566 1817 651 1868 poeuas
674 1801 700 1852 dt
723 1801 822 1870 praemia
841 1802 973 1869 unicuique

180 1875 257 1926 veluti
282 1870 416 1925 dividebat.
437 1873 509 1925 Diua
537 1892 636 1942 quoque
659 1875 750 1944 legitur
771 1875 889 1927 Adrastea
906 1894 915 1935 ς
934 1876 974 1927 rel

180 1950 211 1999 ab
233 1947 351 2007 Adrasto,
369 1965 428 2017 rege
443 1948 609 2016 Argivorum,
621 1949 663 2016 qui
682 1950 773 2018 primus
788 1967 854 2001 aram
864 1950 900 2001 iili
915 1967 974 2001 ton·

182 2023 262 2083 didit,
274 2024 316 2074 vel
327 2021 392 2095 qubd
401 2038 474 2073 nemo
485 2024 550 2073 illam
558 2022 636 2092 pollet
652 2023 777 2095 effugere,
786 2036 815 2076 ut
825 2041 876 2076 vox
886 2024 974 2079 Grata

180 2096 261 2150 sonat.
277 2098 432 2149 Rhamnunte
454 2096 548 2167 [pagus
565 2097 657 2152 Atticae
675 2100 741 2166 fuit]
760 2098 885 2168 praecipue
906 2100 975 2150 tole·

181 2174 263 2224 batur.
284 2172 348 2223 Hinc
369 2172 511 2241 Rhamnusia
528 2186 634 2224 vocatur
651 2191 665 2223 a
683 2175 774 2241 po'e'tis.
793 2174 892 2225 Alatam
908 2172 975 2225 exhi·

182 2248 292 2306 bebant,
317 2245 347 2295 ad
374 2244 551 2313 fignificandam
573 2249 726 2298 celeritatem
753 2265 902 2315 poenarum,
923 2264 974 2316 φη

183 2321 271 2388 impios
290 2336 340 2370 non
357 2319 429 2370 tardo
452 2320 517 2386 pede
539 2322 749 2391 consequuntura
772 2322 915 2373 insidentem
935 2339 977 2374 to·

184 2406 239 2453 tae,
257 2405 286 2447 ut
305 2393 441 2445 indicarent
456 2411 510 2446 eam
525 2393 711 2448 vicillitudinem
726 2396 773 2464 qui
790 2396 884 2448 deluis
899 2413 975 2463 poena

175 2466 353 2538 respondent,
375 2468 450 2536 iisque
468 2468 611 2521 succedunt.
630 2469 659 2521 In
676 2471 789 2522 Deorum
809 2471 883 2522 etiam
896 2488 976 2522 nume·

184 2562 239 2598 rum
264 2544 433 2596 referebantur
459 2544 541 2603 Nox,
567 2545 592 2596 dt
616 2544 741 2605 Somnus,
760 2544 808 2596 five
831 2545 975 2612 Morpheus.

186 2619 223 2672 Ex
239 2630 345 2684 utroque
362 2617 459 2685 genitus
475 2618 575 2671 Momus
588 2619 648 2670 ludo
664 2618 773 2687 jocisque
789 2618 941 2685 praesidebat.

186 2740 188 2745 .
225 2690 304 2742 Polita
321 2708 418 2758 quoque
436 2695 526 2758 templa
542 2693 762 2763 visebanturvariis
776 2693 895 2745 scelerum
912 2710 974 2744 mon·

188 2766 239 2818 stris
252 2765 304 2824 ‚'&
314 2766 405 2816 morbis
416 2783 425 2824 3
447 2780 473 2815 ut
490 2766 591 2821 Invidiae
603 2801 611 2829 ,
624 2767 728 2826 fraudi,
749 2767 903 2825 Calumniae,
922 2767 977 2818 Dis·

190 2840 299 2899 cordiae,
317 2839 425 2897 Furori,
446 2841 533 2900 Febti,
561 2840 666 2901 Pauori,
686 2840 849 2908 Paupertati,
873 2840 978 2891 Neceffi·

192 2915 257 2973 tati,
274 2912 434 2980 Tempestati.
448 2914 511 2981 Illud
525 2915 598 2980 pauli>
617 2914 704 2966 reditis
712 2947 721 2971 ‚
734 2914 807 2981 *qudd
826 2915 923 2965 eosdem
934 2914 978 2966 ho·

190 3005 264 3040 nores
285 2989 420 3038 tribuerent
437 2988 580 3046 virtutibus,
595 2989 664 3041 Fidei
677 3023 683 3046 .
695 2987 795 3041 Juliitiae
806 2987 855 3038 five
868 2988 977 3049 Adraee,

192 3061 299 3119 Pietati,
317 3060 461 3120 Pudicitiae,
482 3061 645 3122 Concordiae,
669 3063 800 3121 veritati,
822 3061 920 3121 Saluti,
940 3062 976 3114 Li·

191 3135 301 3194 bettati,
322 3134 400 3194 Paci,
426 3134 522 3184 demum
548 3137 652 3188 Silentio
674 3171 682 3197 ‚
708 3135 778 3201 cujus
808 3135 896 3202 praeles
920 3136 979 3202 apud

192 3207 324 3276 AEgyptios
341 3221 394 3259 etat
414 3208 579 3275 Harpocrates
596 3227 605 3269 ς
622 3211 686 3277 apud
712 3210 833 3268 Grecos,
850 3210 977 3276 Sigalion:

194 3293 297 3349 aterque
312 3281 457 3351 pingebatur
479 3300 535 3336 sum
558 3284 635 3356 digito
655 3284 739 3340 iudico
765 3284 837 3337 labris
863 3285 980 3347 admoto,
