<?xml version="1.0" encoding="UTF-8"?>
<!DOCTYPE html PUBLIC "-//W3C//DTD XHTML 1.0 Transitional//EN"
    "http://www.w3.org/TR/xhtml1/DTD/xhtml1-transitional.dtd">
<html xmlns="http://www.w3.org/1999/xhtml" xml:lang="en" lang="en">
 <head>
  <title>
</title>
<meta http-equiv="Content-Type" content="text/html;charset=utf-8" />
  <meta name='ocr-system' content='tesseract 3.04.00' />
  <meta name='ocr-capabilities' content='ocr_page ocr_carea ocr_par ocr_line ocrx_word'/>
</head>
<body>
  <div class='ocr_page' id='page_1' title='image "./deciijunijuvena00jouvgoog_0501.png"; bbox 0 0 2192 3842; ppageno 0'>
   <div class='ocr_carea' id='block_1_1' title="bbox 162 211 860 304">
    <p class='ocr_par' dir='ltr' id='par_1_1' title="bbox 162 211 860 304">
     <span class='ocr_line' id='line_1_1' title="bbox 162 211 860 304; baseline 0.013 -29"><span class='ocrx_word' id='word_1_1' title='bbox 162 212 229 276; x_wconf 89' lang='lat' dir='ltr'>ET</span> <span class='ocrx_word' id='word_1_2' title='bbox 249 211 501 279; x_wconf 83' lang='lat' dir='ltr'>HEROlBUS</span> <span class='ocrx_word' id='word_1_3' title='bbox 521 213 760 280; x_wconf 83' lang='lat' dir='ltr'>POETICIS.</span> <span class='ocrx_word' id='word_1_4' title='bbox 801 237 860 304; x_wconf 80' lang='lat'>455</span> 
     </span>
    </p>
   </div>
   <div class='ocr_carea' id='block_1_2' title="bbox 6 322 920 1873">
    <p class='ocr_par' dir='ltr' id='par_1_2' title="bbox 6 322 920 1873">
     <span class='ocr_line' id='line_1_2' title="bbox 45 322 862 392; baseline -0.001 -16"><span class='ocrx_word' id='word_1_5' title='bbox 45 335 80 376; x_wconf 87' lang='lat' dir='ltr'>ut</span> <span class='ocrx_word' id='word_1_6' title='bbox 99 322 223 388; x_wconf 79' lang='lat' dir='ltr'>hospites</span> <span class='ocrx_word' id='word_1_7' title='bbox 243 341 272 373; x_wconf 87' lang='lat' dir='ltr'>ac</span> <span class='ocrx_word' id='word_1_8' title='bbox 296 323 419 392; x_wconf 86' lang='lat' dir='ltr'>peregrini</span> <span class='ocrx_word' id='word_1_9' title='bbox 439 322 728 388; x_wconf 77' lang='lat' dir='ltr'>comprehenderentur,</span> <span class='ocrx_word' id='word_1_10' title='bbox 747 325 862 386; x_wconf 77' lang='lat' dir='ltr'>Dinnae,</span> 
     </span>
     <span class='ocr_line' id='line_1_3' title="bbox 48 395 866 467; baseline 0.004 -19"><span class='ocrx_word' id='word_1_11' title='bbox 48 415 116 467; x_wconf 77' lang='lat' dir='ltr'>quae</span> <span class='ocrx_word' id='word_1_12' title='bbox 139 397 178 448; x_wconf 91' lang='lat' dir='ltr'>ibi</span> <span class='ocrx_word' id='word_1_13' title='bbox 199 399 344 457; x_wconf 81' lang='lat' dir='ltr'>colebatur,</span> <span class='ocrx_word' id='word_1_14' title='bbox 364 398 513 447; x_wconf 85' lang='lat' dir='ltr'>immolandi.</span> <span class='ocrx_word' id='word_1_15' title='bbox 535 396 608 463; x_wconf 89' lang='lat' dir='ltr'>Capti</span> <span class='ocrx_word' id='word_1_16' title='bbox 624 395 728 466; x_wconf 81' lang='lat' dir='ltr'>Pylades</span> <span class='ocrx_word' id='word_1_17' title='bbox 746 400 772 450; x_wconf 72' lang='grc' dir='ltr'>ὅ(</span> <span class='ocrx_word' id='word_1_18' title='bbox 789 399 866 452; x_wconf 86' lang='lat' dir='ltr'>Ores·</span> 
     </span>
     <span class='ocr_line' id='line_1_4' title="bbox 50 471 863 531; baseline 0.002 -7"><span class='ocrx_word' id='word_1_19' title='bbox 50 488 118 531; x_wconf 66' lang='lat' dir='ltr'>tea,</span> <span class='ocrx_word' id='word_1_20' title='bbox 144 471 304 522; x_wconf 88' lang='lat' dir='ltr'>adducuntur</span> <span class='ocrx_word' id='word_1_21' title='bbox 325 473 356 522; x_wconf 93' lang='lat' dir='ltr'>ad</span> <span class='ocrx_word' id='word_1_22' title='bbox 375 472 542 530; x_wconf 78' lang='lat' dir='ltr'>Thoantem,</span> <span class='ocrx_word' id='word_1_23' title='bbox 564 471 680 522; x_wconf 85' lang='lat' dir='ltr'>summum</span> <span class='ocrx_word' id='word_1_24' title='bbox 701 473 863 528; x_wconf 82' lang='lat' dir='ltr'>sacerdotem.</span> 
     </span>
     <span class='ocr_line' id='line_1_5' title="bbox 50 546 865 613; baseline 0.002 -15"><span class='ocrx_word' id='word_1_25' title='bbox 50 548 84 598; x_wconf 77' lang='lat' dir='ltr'>is</span> <span class='ocrx_word' id='word_1_26' title='bbox 108 563 245 596; x_wconf 88' lang='lat' dir='ltr'>novorum</span> <span class='ocrx_word' id='word_1_27' title='bbox 267 546 387 613; x_wconf 87' lang='lat' dir='ltr'>hospitum</span> <span class='ocrx_word' id='word_1_28' title='bbox 410 547 537 596; x_wconf 91' lang='lat' dir='ltr'>nobilitate</span> <span class='ocrx_word' id='word_1_29' title='bbox 561 559 714 612; x_wconf 85' lang='lat' dir='ltr'>permotus,</span> <span class='ocrx_word' id='word_1_30' title='bbox 736 549 761 599; x_wconf 78' lang='lat' dir='ltr'>dt</span> <span class='ocrx_word' id='word_1_31' title='bbox 781 549 865 601; x_wconf 88' lang='lat' dir='ltr'>indole</span> 
     </span>
     <span class='ocr_line' id='line_1_6' title="bbox 49 617 864 692; baseline 0.002 -21"><span class='ocrx_word' id='word_1_32' title='bbox 49 620 187 678; x_wconf 83' lang='lat' dir='ltr'>liberali,</span> <span class='ocrx_word' id='word_1_33' title='bbox 207 617 260 670; x_wconf 79' lang='lat' dir='ltr'>crim</span> <span class='ocrx_word' id='word_1_34' title='bbox 280 635 410 687; x_wconf 88' lang='lat' dir='ltr'>utrumque</span> <span class='ocrx_word' id='word_1_35' title='bbox 429 620 544 677; x_wconf 87' lang='lat' dir='ltr'>servare,</span> <span class='ocrx_word' id='word_1_36' title='bbox 565 619 634 671; x_wconf 83' lang='lat' dir='ltr'>salvis</span> <span class='ocrx_word' id='word_1_37' title='bbox 649 621 734 688; x_wconf 79' lang='lat' dir='ltr'>patriae</span> <span class='ocrx_word' id='word_1_38' title='bbox 753 623 864 692; x_wconf 87' lang='lat' dir='ltr'>legibus,</span> 
     </span>
     <span class='ocr_line' id='line_1_7' title="bbox 51 692 866 760; baseline 0.001 -14"><span class='ocrx_word' id='word_1_39' title='bbox 51 712 111 746; x_wconf 87' lang='lat' dir='ltr'>non</span> <span class='ocrx_word' id='word_1_40' title='bbox 137 692 249 760; x_wconf 84' lang='lat' dir='ltr'>posset,</span> <span class='ocrx_word' id='word_1_41' title='bbox 279 696 412 752; x_wconf 84' lang='lat' dir='ltr'>alterurn,</span> <span class='ocrx_word' id='word_1_42' title='bbox 438 692 508 745; x_wconf 78' lang='lat' dir='ltr'>duna</span> <span class='ocrx_word' id='word_1_43' title='bbox 527 693 619 751; x_wconf 87' lang='lat' dir='ltr'>sorte,</span> <span class='ocrx_word' id='word_1_44' title='bbox 644 696 791 747; x_wconf 86' lang='lat' dir='ltr'>incolumem</span> <span class='ocrx_word' id='word_1_45' title='bbox 811 699 866 748; x_wconf 85' lang='lat' dir='ltr'>fore</span> 
     </span>
     <span class='ocr_line' id='line_1_8' title="bbox 50 767 866 856; baseline 0.001 -36"><span class='ocrx_word' id='word_1_46' title='bbox 50 767 228 839; x_wconf 81' lang='lat' dir='ltr'>pronuntiat</span> <span class='ocrx_word' id='word_1_47' title='bbox 258 768 308 819; x_wconf 87' lang='lat' dir='ltr'>Hic</span> <span class='ocrx_word' id='word_1_48' title='bbox 331 768 393 820; x_wconf 79' lang='lat' dir='ltr'>verb</span> <span class='ocrx_word' id='word_1_49' title='bbox 419 767 523 818; x_wconf 84' lang='lat' dir='ltr'>celebris</span> <span class='ocrx_word' id='word_1_50' title='bbox 542 780 597 818; x_wconf 90' lang='lat' dir='ltr'>orta</span> <span class='ocrx_word' id='word_1_51' title='bbox 618 769 677 819; x_wconf 82' lang='lat' dir='ltr'>est</span> <span class='ocrx_word' id='word_1_52' title='bbox 670 783 734 821; x_wconf 91' lang='lat' dir='ltr'>mter</span> <span class='ocrx_word' id='word_1_53' title='bbox 753 770 866 856; x_wconf 81' lang='lat' dir='ltr'>Pyladen</span> 
     </span>
     <span class='ocr_line' id='line_1_9' title="bbox 47 841 867 910; baseline -0.002 -12.978"><span class='ocrx_word' id='word_1_54' title='bbox 47 845 88 897; x_wconf 78' lang='grc' dir='ltr'>δι</span> <span class='ocrx_word' id='word_1_55' title='bbox 114 842 231 895; x_wconf 79' lang='lat' dir='ltr'>Oresten</span> <span class='ocrx_word' id='word_1_56' title='bbox 252 845 409 902; x_wconf 85' lang='lat' dir='ltr'>contentio,</span> <span class='ocrx_word' id='word_1_57' title='bbox 430 843 485 892; x_wconf 85' lang='lat' dir='ltr'>dnm</span> <span class='ocrx_word' id='word_1_58' title='bbox 506 841 570 892; x_wconf 86' lang='lat' dir='ltr'>alter</span> <span class='ocrx_word' id='word_1_59' title='bbox 586 843 685 895; x_wconf 88' lang='lat' dir='ltr'>alterius</span> <span class='ocrx_word' id='word_1_60' title='bbox 706 845 788 910; x_wconf 86' lang='lat' dir='ltr'>perire</span> <span class='ocrx_word' id='word_1_61' title='bbox 807 847 867 897; x_wconf 90' lang='lat' dir='ltr'>loco</span> 
     </span>
     <span class='ocr_line' id='line_1_10' title="bbox 6 877 867 971; baseline 0.001 -3"><span class='ocrx_word' id='word_1_62' title='bbox 6 956 8 959; x_wconf 86' lang='lat'>-</span> <span class='ocrx_word' id='word_1_63' title='bbox 53 931 160 968; x_wconf 87' lang='lat' dir='ltr'>certat.</span> <span class='ocrx_word' id='word_1_64' title='bbox 181 916 240 966; x_wconf 84' lang='lat' dir='ltr'>Sors</span> <span class='ocrx_word' id='word_1_65' title='bbox 257 917 362 967; x_wconf 86' lang='lat' dir='ltr'>Oreslen</span> <span class='ocrx_word' id='word_1_66' title='bbox 378 877 470 967; x_wconf 81' lang='lat' dir='ltr'>addixit</span> <span class='ocrx_word' id='word_1_67' title='bbox 485 916 553 966; x_wconf 86' lang='lat' dir='ltr'>neci.</span> <span class='ocrx_word' id='word_1_68' title='bbox 572 914 679 968; x_wconf 79' lang='lat' dir='ltr'>Praeerat</span> <span class='ocrx_word' id='word_1_69' title='bbox 696 917 867 971; x_wconf 78' lang='lat' dir='ltr'>Dinnaesacris</span> 
     </span>
     <span class='ocr_line' id='line_1_11' title="bbox 54 982 867 1058; baseline 0.005 -18"><span class='ocrx_word' id='word_1_70' title='bbox 54 982 222 1058; x_wconf 73' lang='lat' dir='ltr'>Iphigenia,</span> <span class='ocrx_word' id='word_1_71' title='bbox 243 990 336 1042; x_wconf 80' lang='lat' dir='ltr'>Orestae</span> <span class='ocrx_word' id='word_1_72' title='bbox 357 992 445 1048; x_wconf 89' lang='lat' dir='ltr'>soror,</span> <span class='ocrx_word' id='word_1_73' title='bbox 461 991 519 1041; x_wconf 88' lang='lat' dir='ltr'>illuc</span> <span class='ocrx_word' id='word_1_74' title='bbox 539 1007 584 1057; x_wconf 88' lang='lat' dir='ltr'>per</span> <span class='ocrx_word' id='word_1_75' title='bbox 599 991 704 1045; x_wconf 81' lang='lat' dir='ltr'>Dianam</span> <span class='ocrx_word' id='word_1_76' title='bbox 726 1009 757 1043; x_wconf 83' lang='lat' dir='ltr'>ex</span> <span class='ocrx_word' id='word_1_77' title='bbox 776 992 867 1045; x_wconf 79' lang='lat' dir='ltr'>Aulide</span> 
     </span>
     <span class='ocr_line' id='line_1_12' title="bbox 56 1064 867 1134; baseline -0.002 -15"><span class='ocrx_word' id='word_1_78' title='bbox 56 1064 190 1118; x_wconf 87' lang='lat' dir='ltr'>transsata</span> <span class='ocrx_word' id='word_1_79' title='bbox 209 1097 217 1122; x_wconf 89' lang='lat'>,</span> <span class='ocrx_word' id='word_1_80' title='bbox 240 1064 294 1115; x_wconf 78' lang='lat' dir='ltr'>ciam</span> <span class='ocrx_word' id='word_1_81' title='bbox 313 1082 410 1116; x_wconf 87' lang='lat' dir='ltr'>cervam</span> <span class='ocrx_word' id='word_1_82' title='bbox 427 1067 452 1116; x_wconf 89' lang='lat' dir='ltr'>in</span> <span class='ocrx_word' id='word_1_83' title='bbox 471 1066 536 1115; x_wconf 91' lang='lat' dir='ltr'>illius</span> <span class='ocrx_word' id='word_1_84' title='bbox 561 1064 691 1117; x_wconf 71' lang='lat' dir='ltr'>manenda</span> <span class='ocrx_word' id='word_1_85' title='bbox 709 1067 791 1117; x_wconf 91' lang='lat' dir='ltr'>locum</span> <span class='ocrx_word' id='word_1_86' title='bbox 810 1066 867 1134; x_wconf 88' lang='lat' dir='ltr'>sup·</span> 
     </span>
     <span class='ocr_line' id='line_1_13' title="bbox 56 1139 870 1208; baseline 0.002 -19"><span class='ocrx_word' id='word_1_87' title='bbox 56 1139 184 1207; x_wconf 82' lang='lat' dir='ltr'>posuit,</span> <span class='ocrx_word' id='word_1_88' title='bbox 214 1151 241 1189; x_wconf 91' lang='lat' dir='ltr'>ut</span> <span class='ocrx_word' id='word_1_89' title='bbox 263 1140 367 1190; x_wconf 85' lang='lat' dir='ltr'>Ovidius</span> <span class='ocrx_word' id='word_1_90' title='bbox 385 1153 465 1190; x_wconf 91' lang='lat' dir='ltr'>narrat</span> <span class='ocrx_word' id='word_1_91' title='bbox 487 1139 649 1207; x_wconf 83' lang='lat' dir='ltr'>Metamorplr.</span> <span class='ocrx_word' id='word_1_92' title='bbox 666 1139 722 1194; x_wconf 76' lang='lat' dir='ltr'>Lib.</span> <span class='ocrx_word' id='word_1_93' title='bbox 742 1155 783 1193; x_wconf 74' lang='grc' dir='ltr'>ιι.</span> <span class='ocrx_word' id='word_1_94' title='bbox 804 1141 870 1208; x_wconf 89' lang='lat' dir='ltr'>Iphi·</span> 
     </span>
     <span class='ocr_line' id='line_1_14' title="bbox 58 1209 888 1283; baseline 0.005 -20"><span class='ocrx_word' id='word_1_95' title='bbox 58 1215 143 1283; x_wconf 82' lang='lat' dir='ltr'>genia</span> <span class='ocrx_word' id='word_1_96' title='bbox 164 1209 221 1261; x_wconf 74' lang='lat' dir='ltr'>crim</span> <span class='ocrx_word' id='word_1_97' title='bbox 238 1214 329 1263; x_wconf 86' lang='lat' dir='ltr'>ferrum</span> <span class='ocrx_word' id='word_1_98' title='bbox 347 1215 449 1263; x_wconf 84' lang='lat' dir='ltr'>libraret</span> <span class='ocrx_word' id='word_1_99' title='bbox 465 1213 490 1262; x_wconf 90' lang='lat' dir='ltr'>in</span> <span class='ocrx_word' id='word_1_100' title='bbox 510 1213 591 1262; x_wconf 86' lang='lat' dir='ltr'>fratris</span> <span class='ocrx_word' id='word_1_101' title='bbox 608 1227 700 1279; x_wconf 84' lang='lat' dir='ltr'>caput,</span> <span class='ocrx_word' id='word_1_102' title='bbox 721 1232 776 1265; x_wconf 89' lang='lat' dir='ltr'>eum</span> <span class='ocrx_word' id='word_1_103' title='bbox 794 1232 888 1283; x_wconf 33' lang='lat' dir='ltr'>agno-¹</span> 
     </span>
     <span class='ocr_line' id='line_1_15' title="bbox 59 1285 869 1355; baseline -0.001 -17"><span class='ocrx_word' id='word_1_104' title='bbox 59 1289 111 1339; x_wconf 81' lang='lat' dir='ltr'>vit.</span> <span class='ocrx_word' id='word_1_105' title='bbox 139 1285 238 1338; x_wconf 88' lang='lat' dir='ltr'>Occiso</span> <span class='ocrx_word' id='word_1_106' title='bbox 260 1286 401 1343; x_wconf 88' lang='lat' dir='ltr'>Thoante,</span> <span class='ocrx_word' id='word_1_107' title='bbox 426 1285 526 1337; x_wconf 85' lang='lat' dir='ltr'>Oresles</span> <span class='ocrx_word' id='word_1_108' title='bbox 550 1302 605 1335; x_wconf 89' lang='lat' dir='ltr'>cum</span> <span class='ocrx_word' id='word_1_109' title='bbox 628 1286 734 1347; x_wconf 86' lang='lat' dir='ltr'>sorore,</span> <span class='ocrx_word' id='word_1_110' title='bbox 758 1287 869 1355; x_wconf 82' lang='lat' dir='ltr'>Pylade,</span> 
     </span>
     <span class='ocr_line' id='line_1_16' title="bbox 63 1358 877 1427; baseline 0 -14"><span class='ocrx_word' id='word_1_111' title='bbox 63 1361 94 1413; x_wconf 77' lang='grc' dir='ltr'>δι</span> <span class='ocrx_word' id='word_1_112' title='bbox 120 1360 219 1411; x_wconf 80' lang='lat' dir='ltr'>Dianae</span> <span class='ocrx_word' id='word_1_113' title='bbox 238 1358 315 1411; x_wconf 73' lang='lat' dir='ltr'>statui</span> <span class='ocrx_word' id='word_1_114' title='bbox 330 1360 403 1412; x_wconf 90' lang='lat' dir='ltr'>rediit</span> <span class='ocrx_word' id='word_1_115' title='bbox 423 1361 448 1410; x_wconf 90' lang='lat' dir='ltr'>in</span> <span class='ocrx_word' id='word_1_116' title='bbox 468 1359 610 1420; x_wconf 72' lang='lat' dir='ltr'>Graeciam,</span> <span class='ocrx_word' id='word_1_117' title='bbox 630 1362 671 1410; x_wconf 91' lang='lat' dir='ltr'>ubi</span> <span class='ocrx_word' id='word_1_118' title='bbox 692 1362 821 1427; x_wconf 84' lang='lat' dir='ltr'>expiatus,</span> <span class='ocrx_word' id='word_1_119' title='bbox 843 1363 877 1425; x_wconf 53' lang='lat' dir='ltr'>bt,</span> 
     </span>
     <span class='ocr_line' id='line_1_17' title="bbox 62 1434 870 1504; baseline -0.001 -17"><span class='ocrx_word' id='word_1_120' title='bbox 62 1435 204 1487; x_wconf 77' lang='lat' dir='ltr'>Furiarum</span> <span class='ocrx_word' id='word_1_121' title='bbox 231 1446 298 1485; x_wconf 88' lang='lat' dir='ltr'>tetro</span> <span class='ocrx_word' id='word_1_122' title='bbox 325 1435 420 1501; x_wconf 78' lang='lat' dir='ltr'>aspeslu</span> <span class='ocrx_word' id='word_1_123' title='bbox 448 1434 589 1493; x_wconf 87' lang='lat' dir='ltr'>liberatus,</span> <span class='ocrx_word' id='word_1_124' title='bbox 614 1447 741 1500; x_wconf 82' lang='lat' dir='ltr'>paternum</span> <span class='ocrx_word' id='word_1_125' title='bbox 768 1452 870 1504; x_wconf 77' lang='lat' dir='ltr'>regnum</span> 
     </span>
     <span class='ocr_line' id='line_1_18' title="bbox 61 1507 871 1561; baseline -0.001 0"><span class='ocrx_word' id='word_1_126' title='bbox 61 1510 185 1561; x_wconf 86' lang='lat' dir='ltr'>feliciter</span> <span class='ocrx_word' id='word_1_127' title='bbox 205 1508 385 1560; x_wconf 83' lang='lat' dir='ltr'>administravit.</span> <span class='ocrx_word' id='word_1_128' title='bbox 412 1508 502 1558; x_wconf 83' lang='lat' dir='ltr'>Eadem</span> <span class='ocrx_word' id='word_1_129' title='bbox 530 1507 606 1557; x_wconf 81' lang='lat' dir='ltr'>statua</span> <span class='ocrx_word' id='word_1_130' title='bbox 625 1507 713 1559; x_wconf 81' lang='lat' dir='ltr'>Dianae</span> <span class='ocrx_word' id='word_1_131' title='bbox 729 1509 754 1560; x_wconf 91' lang='lat' dir='ltr'>in</span> <span class='ocrx_word' id='word_1_132' title='bbox 775 1509 871 1560; x_wconf 85' lang='lat' dir='ltr'>ltaliam</span> 
     </span>
     <span class='ocr_line' id='line_1_19' title="bbox 64 1579 920 1653; baseline -0.006 -19"><span class='ocrx_word' id='word_1_133' title='bbox 64 1579 202 1653; x_wconf 68' lang='lat' dir='ltr'>postremi)</span> <span class='ocrx_word' id='word_1_134' title='bbox 226 1583 307 1634; x_wconf 89' lang='lat' dir='ltr'>delata</span> <span class='ocrx_word' id='word_1_135' title='bbox 324 1583 378 1641; x_wconf 83' lang='lat' dir='ltr'>eli,</span> <span class='ocrx_word' id='word_1_136' title='bbox 395 1582 421 1635; x_wconf 69' lang='grc' dir='ltr'>ἀ</span> <span class='ocrx_word' id='word_1_137' title='bbox 444 1583 468 1632; x_wconf 92' lang='lat' dir='ltr'>in</span> <span class='ocrx_word' id='word_1_138' title='bbox 485 1581 588 1632; x_wconf 81' lang='lat' dir='ltr'>Aricino</span> <span class='ocrx_word' id='word_1_139' title='bbox 612 1583 734 1632; x_wconf 79' lang='lat' dir='ltr'>collocata</span> <span class='ocrx_word' id='word_1_140' title='bbox 758 1600 870 1633; x_wconf 88' lang='lat' dir='ltr'>nemore.</span> <span class='ocrx_word' id='word_1_141' title='bbox 913 1612 920 1629; x_wconf 68' lang='grc' dir='ltr'>ι</span> 
     </span>
     <span class='ocr_line' id='line_1_20' title="bbox 35 1654 872 1726; baseline -0.002 -17"><span class='ocrx_word' id='word_1_142' title='bbox 35 1698 38 1702; x_wconf 55' lang='grc'><em>»</em></span> <span class='ocrx_word' id='word_1_143' title='bbox 65 1657 179 1726; x_wconf 82' lang='lat' dir='ltr'>Templi</span> <span class='ocrx_word' id='word_1_144' title='bbox 205 1656 332 1717; x_wconf 68' lang='lat' dir='ltr'>edituus,</span> <span class='ocrx_word' id='word_1_145' title='bbox 355 1656 381 1708; x_wconf 77' lang='grc' dir='ltr'>δι</span> <span class='ocrx_word' id='word_1_146' title='bbox 404 1655 518 1707; x_wconf 87' lang='lat' dir='ltr'>sacerdos</span> <span class='ocrx_word' id='word_1_147' title='bbox 540 1654 605 1706; x_wconf 82' lang='lat' dir='ltr'>istius</span> <span class='ocrx_word' id='word_1_148' title='bbox 627 1656 716 1706; x_wconf 80' lang='lat' dir='ltr'>Dianae</span> <span class='ocrx_word' id='word_1_149' title='bbox 742 1656 872 1716; x_wconf 75' lang='lat' dir='ltr'>Aricinae,</span> 
     </span>
     <span class='ocr_line' id='line_1_21' title="bbox 65 1728 873 1798; baseline -0.005 -14"><span class='ocrx_word' id='word_1_150' title='bbox 65 1731 129 1784; x_wconf 82' lang='lat' dir='ltr'>Rex</span> <span class='ocrx_word' id='word_1_151' title='bbox 149 1736 282 1782; x_wconf 86' lang='lat' dir='ltr'>nemorum</span> <span class='ocrx_word' id='word_1_152' title='bbox 300 1731 434 1782; x_wconf 88' lang='lat' dir='ltr'>vocabatur</span> <span class='ocrx_word' id='word_1_153' title='bbox 450 1747 459 1790; x_wconf 82' lang='lat'>3</span> <span class='ocrx_word' id='word_1_154' title='bbox 480 1746 509 1780; x_wconf 87' lang='lat' dir='ltr'>ac</span> <span class='ocrx_word' id='word_1_155' title='bbox 526 1728 600 1796; x_wconf 76' lang='lat' dir='ltr'>vulgo</span> <span class='ocrx_word' id='word_1_156' title='bbox 619 1729 702 1780; x_wconf 80' lang='lat' dir='ltr'>servus</span> <span class='ocrx_word' id='word_1_157' title='bbox 719 1743 774 1781; x_wconf 89' lang='lat' dir='ltr'>erat</span> <span class='ocrx_word' id='word_1_158' title='bbox 790 1730 873 1798; x_wconf 84' lang='lat' dir='ltr'>sugiti-</span> 
     </span>
     <span class='ocr_line' id='line_1_22' title="bbox 66 1802 873 1873; baseline -0.002 -15"><span class='ocrx_word' id='word_1_159' title='bbox 66 1823 139 1865; x_wconf 73' lang='lat' dir='ltr'>eus,</span> <span class='ocrx_word' id='word_1_160' title='bbox 157 1805 202 1872; x_wconf 89' lang='lat' dir='ltr'>qui</span> <span class='ocrx_word' id='word_1_161' title='bbox 219 1804 311 1855; x_wconf 90' lang='lat' dir='ltr'>tamdiu</span> <span class='ocrx_word' id='word_1_162' title='bbox 338 1820 439 1873; x_wconf 89' lang='lat' dir='ltr'>regnum</span> <span class='ocrx_word' id='word_1_163' title='bbox 457 1803 518 1854; x_wconf 83' lang='lat' dir='ltr'>illud</span> <span class='ocrx_word' id='word_1_164' title='bbox 538 1804 684 1867; x_wconf 79' lang='lat' dir='ltr'>obtinebat,</span> <span class='ocrx_word' id='word_1_165' title='bbox 701 1802 756 1854; x_wconf 81' lang='lat' dir='ltr'>edm</span> <span class='ocrx_word' id='word_1_166' title='bbox 772 1806 802 1854; x_wconf 93' lang='lat' dir='ltr'>ab</span> <span class='ocrx_word' id='word_1_167' title='bbox 822 1805 873 1856; x_wconf 90' lang='lat' dir='ltr'>alio</span> 
     </span>
    </p>
   </div>
   <div class='ocr_carea' id='block_1_3' title="bbox 67 1876 873 2022">
    <p class='ocr_par' dir='ltr' id='par_1_3' title="bbox 67 1876 873 2022">
     <span class='ocr_line' id='line_1_23' title="bbox 67 1876 873 2008; baseline -0.004 -77"><span class='ocrx_word' id='word_1_168' title='bbox 67 1879 204 2008; x_wconf 52' lang='grc' dir='ltr'>ίίιῇἰτὶιο,</span> <span class='ocrx_word' id='word_1_169' title='bbox 220 1878 347 1931; x_wconf 73' lang='lat' dir='ltr'>commissi</span> <span class='ocrx_word' id='word_1_170' title='bbox 356 1876 438 1948; x_wconf 72' lang='lat' dir='ltr'>pugni</span> <span class='ocrx_word' id='word_1_171' title='bbox 452 1879 548 1936; x_wconf 77' lang='lat' dir='ltr'>vinus,</span> <span class='ocrx_word' id='word_1_172' title='bbox 559 1891 700 1929; x_wconf 87' lang='lat' dir='ltr'>necaretur.</span> <span class='ocrx_word' id='word_1_173' title='bbox 710 1877 873 1946; x_wconf 80' lang='lat' dir='ltr'>Metamorpi.</span> 
     </span>
     <span class='ocr_line' id='line_1_24' title="bbox 97 1969 201 2022; baseline 0 -17"><span class='ocrx_word' id='word_1_174' title='bbox 97 1972 107 2005; x_wconf 87' lang='grc' dir='ltr'>ι</span> <span class='ocrx_word' id='word_1_175' title='bbox 158 1969 201 2022; x_wconf 76' lang='lat'>15.</span> 
     </span>
    </p>
   </div>
   <div class='ocr_carea' id='block_1_4' title="bbox 208 2022 767 2079">
    <p class='ocr_par' dir='ltr' id='par_1_4' title="bbox 208 2022 767 2079">
     <span class='ocr_line' id='line_1_25' title="bbox 208 2022 767 2079; baseline -0.004 -1"><span class='ocrx_word' id='word_1_176' title='bbox 208 2024 450 2079; x_wconf 71' lang='lat' dir='ltr'>cinxxvu.</span> <span class='ocrx_word' id='word_1_177' title='bbox 490 2022 767 2077; x_wconf 74' lang='lat' dir='ltr'>ULYSSES.</span> 
     </span>
    </p>
   </div>
   <div class='ocr_carea' id='block_1_5' title="bbox 42 2116 883 3355">
    <p class='ocr_par' dir='ltr' id='par_1_5' title="bbox 42 2116 883 3355">
     <span class='ocr_line' id='line_1_26' title="bbox 74 2116 875 2241; baseline -0.005 -13"><span class='ocrx_word' id='word_1_178' title='bbox 74 2116 139 2228; x_wconf 89' lang='lat' dir='ltr'>D</span> <span class='ocrx_word' id='word_1_179' title='bbox 150 2187 170 2226; x_wconf 74' lang='grc' dir='ltr'>Ε</span> <span class='ocrx_word' id='word_1_180' title='bbox 180 2186 199 2225; x_wconf 86' lang='lat' dir='ltr'>c</span> <span class='ocrx_word' id='word_1_181' title='bbox 207 2187 225 2224; x_wconf 76' lang='lat' dir='ltr'>t</span> <span class='ocrx_word' id='word_1_182' title='bbox 232 2187 256 2225; x_wconf 80' lang='grc' dir='ltr'><strong>Μ</strong></span> <span class='ocrx_word' id='word_1_183' title='bbox 273 2188 351 2223; x_wconf 91' lang='lat' dir='ltr'>annos</span> <span class='ocrx_word' id='word_1_184' title='bbox 361 2170 460 2241; x_wconf 80' lang='lat' dir='ltr'>Ulyll&#39;es</span> <span class='ocrx_word' id='word_1_185' title='bbox 477 2171 568 2224; x_wconf 73' lang='lat' dir='ltr'>erravit</span> <span class='ocrx_word' id='word_1_186' title='bbox 576 2170 630 2240; x_wconf 85' lang='lat' dir='ltr'>posi</span> <span class='ocrx_word' id='word_1_187' title='bbox 639 2171 743 2223; x_wconf 85' lang='lat' dir='ltr'>excisam</span> <span class='ocrx_word' id='word_1_188' title='bbox 753 2172 855 2239; x_wconf 74' lang='lat' dir='ltr'>Troiam</span> <span class='ocrx_word' id='word_1_189' title='bbox 865 2207 875 2236; x_wconf 93' lang='lat'>,</span> 
     </span>
     <span class='ocr_line' id='line_1_27' title="bbox 73 2246 877 2339; baseline 0.001 -40"><span class='ocrx_word' id='word_1_190' title='bbox 73 2248 222 2339; x_wconf 84' lang='lat' dir='ltr'>priusquam</span> <span class='ocrx_word' id='word_1_191' title='bbox 241 2259 357 2313; x_wconf 87' lang='lat' dir='ltr'>paternos</span> <span class='ocrx_word' id='word_1_192' title='bbox 367 2248 431 2297; x_wconf 88' lang='lat' dir='ltr'>lares</span> <span class='ocrx_word' id='word_1_193' title='bbox 448 2246 575 2297; x_wconf 85' lang='lat' dir='ltr'>reviseret.</span> <span class='ocrx_word' id='word_1_194' title='bbox 586 2246 637 2300; x_wconf 83' lang='lat' dir='ltr'>Vix</span> <span class='ocrx_word' id='word_1_195' title='bbox 652 2246 767 2316; x_wconf 79' lang='lat' dir='ltr'>ingressus</span> <span class='ocrx_word' id='word_1_196' title='bbox 778 2250 877 2314; x_wconf 85' lang='lat' dir='ltr'>navim,</span> 
     </span>
     <span class='ocr_line' id='line_1_28' title="bbox 74 2311 878 2389; baseline -0.001 -14"><span class='ocrx_word' id='word_1_197' title='bbox 74 2327 102 2375; x_wconf 88' lang='lat' dir='ltr'>in</span> <span class='ocrx_word' id='word_1_198' title='bbox 126 2321 262 2373; x_wconf 83' lang='lat' dir='ltr'>Thraciam</span> <span class='ocrx_word' id='word_1_199' title='bbox 281 2311 424 2387; x_wconf 80' lang='lat' dir='ltr'>tempestate</span> <span class='ocrx_word' id='word_1_200' title='bbox 441 2320 537 2371; x_wconf 87' lang='lat' dir='ltr'>delatus</span> <span class='ocrx_word' id='word_1_201' title='bbox 556 2319 599 2370; x_wconf 79' lang='lat' dir='ltr'>est.</span> <span class='ocrx_word' id='word_1_202' title='bbox 621 2319 659 2372; x_wconf 89' lang='lat' dir='ltr'>lbi</span> <span class='ocrx_word' id='word_1_203' title='bbox 681 2324 799 2389; x_wconf 79' lang='lat' dir='ltr'>regnabat</span> <span class='ocrx_word' id='word_1_204' title='bbox 828 2323 878 2374; x_wconf 88' lang='lat' dir='ltr'>Po·</span> 
     </span>
     <span class='ocr_line' id='line_1_29' title="bbox 75 2393 880 2468; baseline -0.004 -18"><span class='ocrx_word' id='word_1_205' title='bbox 75 2395 232 2468; x_wconf 83' lang='lat' dir='ltr'>lymnelior,</span> <span class='ocrx_word' id='word_1_206' title='bbox 250 2393 321 2461; x_wconf 83' lang='lat' dir='ltr'>cujus</span> <span class='ocrx_word' id='word_1_207' title='bbox 342 2394 400 2445; x_wconf 88' lang='lat' dir='ltr'>fidei</span> <span class='ocrx_word' id='word_1_208' title='bbox 420 2411 450 2444; x_wconf 89' lang='lat' dir='ltr'>ac</span> <span class='ocrx_word' id='word_1_209' title='bbox 468 2395 554 2444; x_wconf 77' lang='lat' dir='ltr'>tutelae</span> <span class='ocrx_word' id='word_1_210' title='bbox 574 2393 681 2445; x_wconf 81' lang='lat' dir='ltr'>Priamus</span> <span class='ocrx_word' id='word_1_211' title='bbox 708 2394 782 2446; x_wconf 87' lang='lat' dir='ltr'>filium</span> <span class='ocrx_word' id='word_1_212' title='bbox 806 2395 880 2467; x_wconf 84' lang='lat' dir='ltr'>Poly·</span> 
     </span>
     <span class='ocr_line' id='line_1_30' title="bbox 78 2467 881 2538; baseline -0.001 -14"><span class='ocrx_word' id='word_1_213' title='bbox 78 2476 192 2530; x_wconf 88' lang='lat' dir='ltr'>dorum,</span> <span class='ocrx_word' id='word_1_214' title='bbox 211 2469 237 2520; x_wconf 80' lang='lat' dir='ltr'>bt</span> <span class='ocrx_word' id='word_1_215' title='bbox 255 2470 351 2538; x_wconf 77' lang='lat' dir='ltr'>regales</span> <span class='ocrx_word' id='word_1_216' title='bbox 368 2467 527 2527; x_wconf 80' lang='lat' dir='ltr'>Thesauros,</span> <span class='ocrx_word' id='word_1_217' title='bbox 547 2483 579 2518; x_wconf 89' lang='lat' dir='ltr'>ne</span> <span class='ocrx_word' id='word_1_218' title='bbox 597 2467 711 2519; x_wconf 84' lang='lat' dir='ltr'>venirent</span> <span class='ocrx_word' id='word_1_219' title='bbox 730 2469 755 2519; x_wconf 89' lang='lat' dir='ltr'>in</span> <span class='ocrx_word' id='word_1_220' title='bbox 773 2469 881 2523; x_wconf 82' lang='lat' dir='ltr'>Graeco·</span> 
     </span>
     <span class='ocr_line' id='line_1_31' title="bbox 80 2540 880 2611; baseline 0 -14"><span class='ocrx_word' id='word_1_221' title='bbox 80 2564 139 2600; x_wconf 90' lang='lat' dir='ltr'>rum</span> <span class='ocrx_word' id='word_1_222' title='bbox 166 2560 272 2602; x_wconf 82' lang='lat' dir='ltr'>manus,</span> <span class='ocrx_word' id='word_1_223' title='bbox 294 2543 429 2595; x_wconf 88' lang='lat' dir='ltr'>tradiderat</span> <span class='ocrx_word' id='word_1_224' title='bbox 453 2540 633 2594; x_wconf 79' lang='lat' dir='ltr'>custodiendos.</span> <span class='ocrx_word' id='word_1_225' title='bbox 654 2540 805 2611; x_wconf 82' lang='lat' dir='ltr'>Polydorum</span> <span class='ocrx_word' id='word_1_226' title='bbox 832 2562 880 2597; x_wconf 86' lang='lat' dir='ltr'>rex</span> 
     </span>
     <span class='ocr_line' id='line_1_32' title="bbox 79 2615 880 2683; baseline -0.006 -11"><span class='ocrx_word' id='word_1_227' title='bbox 79 2636 194 2683; x_wconf 80' lang='lat' dir='ltr'>avarus,</span> <span class='ocrx_word' id='word_1_228' title='bbox 216 2627 244 2667; x_wconf 88' lang='lat' dir='ltr'>ut</span> <span class='ocrx_word' id='word_1_229' title='bbox 268 2618 328 2668; x_wconf 86' lang='lat' dir='ltr'>¹auto</span> <span class='ocrx_word' id='word_1_230' title='bbox 355 2616 495 2683; x_wconf 85' lang='lat' dir='ltr'>potiretur.</span> <span class='ocrx_word' id='word_1_231' title='bbox 522 2615 698 2668; x_wconf 80' lang='lat' dir='ltr'>trucidaverat.</span> <span class='ocrx_word' id='word_1_232' title='bbox 724 2616 828 2670; x_wconf 87' lang='lat' dir='ltr'>Hecuba</span> <span class='ocrx_word' id='word_1_233' title='bbox 854 2620 880 2673; x_wconf 85' lang='lat' dir='ltr'>id</span> 
     </span>
     <span class='ocr_line' id='line_1_33' title="bbox 80 2686 880 2758; baseline -0.001 -11"><span class='ocrx_word' id='word_1_234' title='bbox 80 2695 140 2748; x_wconf 79' lang='lat' dir='ltr'>clam</span> <span class='ocrx_word' id='word_1_235' title='bbox 167 2690 298 2744; x_wconf 78' lang='lat' dir='ltr'>rescivisset</span> <span class='ocrx_word' id='word_1_236' title='bbox 318 2687 401 2755; x_wconf 86' lang='lat' dir='ltr'>(nam</span> <span class='ocrx_word' id='word_1_237' title='bbox 423 2686 500 2757; x_wconf 85' lang='lat' dir='ltr'>Ulyssr</span> <span class='ocrx_word' id='word_1_238' title='bbox 523 2689 548 2739; x_wconf 89' lang='lat' dir='ltr'>in</span> <span class='ocrx_word' id='word_1_239' title='bbox 570 2687 681 2753; x_wconf 75' lang='lat' dir='ltr'>Troiana</span> <span class='ocrx_word' id='word_1_240' title='bbox 701 2692 784 2758; x_wconf 79' lang='lat' dir='ltr'>praeda</span> <span class='ocrx_word' id='word_1_241' title='bbox 813 2694 880 2746; x_wconf 90' lang='lat' dir='ltr'>divi·</span> 
     </span>
     <span class='ocr_line' id='line_1_34' title="bbox 84 2762 880 2834; baseline -0.003 -13"><span class='ocrx_word' id='word_1_242' title='bbox 84 2768 168 2821; x_wconf 82' lang='lat' dir='ltr'>denda</span> <span class='ocrx_word' id='word_1_243' title='bbox 186 2762 342 2830; x_wconf 83' lang='lat' dir='ltr'>obvenerat)</span> <span class='ocrx_word' id='word_1_244' title='bbox 362 2762 671 2832; x_wconf 71' lang='lat' dir='ltr'>Polymnestorem&#39;adiit,</span> <span class='ocrx_word' id='word_1_245' title='bbox 688 2764 758 2816; x_wconf 87' lang='lat' dir='ltr'>velut</span> <span class='ocrx_word' id='word_1_246' title='bbox 774 2765 880 2834; x_wconf 83' lang='lat' dir='ltr'>ignara·</span> 
     </span>
     <span class='ocr_line' id='line_1_35' title="bbox 85 2837 881 2931; baseline -0.001 -36"><span class='ocrx_word' id='word_1_247' title='bbox 85 2840 259 2931; x_wconf 78' lang='lat' dir='ltr'>olleutansque</span> <span class='ocrx_word' id='word_1_248' title='bbox 276 2841 341 2907; x_wconf 87' lang='lat' dir='ltr'>spem</span> <span class='ocrx_word' id='word_1_249' title='bbox 358 2837 463 2890; x_wconf 88' lang='lat' dir='ltr'>thesauri</span> <span class='ocrx_word' id='word_1_250' title='bbox 482 2837 602 2899; x_wconf 88' lang='lat' dir='ltr'>alterius,</span> <span class='ocrx_word' id='word_1_251' title='bbox 622 2852 678 2887; x_wconf 91' lang='lat' dir='ltr'>eum</span> <span class='ocrx_word' id='word_1_252' title='bbox 696 2837 793 2890; x_wconf 82' lang='lat' dir='ltr'>seduxit</span> <span class='ocrx_word' id='word_1_253' title='bbox 811 2858 825 2891; x_wconf 93' lang='lat' dir='ltr'>a</span> <span class='ocrx_word' id='word_1_254' title='bbox 842 2858 881 2894; x_wconf 92' lang='lat' dir='ltr'>re·</span> 
     </span>
     <span class='ocr_line' id='line_1_36' title="bbox 86 2911 883 2986; baseline 0.001 -19"><span class='ocrx_word' id='word_1_255' title='bbox 86 2919 130 2986; x_wconf 81' lang='lat' dir='ltr'>gio</span> <span class='ocrx_word' id='word_1_256' title='bbox 155 2916 305 2967; x_wconf 82' lang='lat' dir='ltr'>comitatu:</span> <span class='ocrx_word' id='word_1_257' title='bbox 332 2931 390 2966; x_wconf 80' lang='lat' dir='ltr'>mox</span> <span class='ocrx_word' id='word_1_258' title='bbox 410 2912 553 2963; x_wconf 87' lang='lat' dir='ltr'>involans</span> <span class='ocrx_word' id='word_1_259' title='bbox 545 2929 570 2961; x_wconf 86' lang='lat' dir='ltr'>m</span> <span class='ocrx_word' id='word_1_260' title='bbox 588 2911 703 2971; x_wconf 81' lang='lat' dir='ltr'>vultum,</span> <span class='ocrx_word' id='word_1_261' title='bbox 731 2915 819 2966; x_wconf 86' lang='lat' dir='ltr'>oeulos</span> <span class='ocrx_word' id='word_1_262' title='bbox 845 2914 883 2969; x_wconf 94' lang='lat' dir='ltr'>illi</span> 
     </span>
     <span class='ocr_line' id='line_1_37' title="bbox 87 2984 882 3076; baseline 0 -35"><span class='ocrx_word' id='word_1_263' title='bbox 87 2992 211 3059; x_wconf 82' lang='lat' dir='ltr'>unguibus</span> <span class='ocrx_word' id='word_1_264' title='bbox 233 2989 307 3040; x_wconf 87' lang='lat' dir='ltr'>eruit.</span> <span class='ocrx_word' id='word_1_265' title='bbox 331 2986 391 3076; x_wconf 77' lang='lat' dir='ltr'>Quo</span> <span class='ocrx_word' id='word_1_266' title='bbox 410 2986 474 3038; x_wconf 71' lang='lat' dir='ltr'>satio</span> <span class='ocrx_word' id='word_1_267' title='bbox 496 2984 615 3053; x_wconf 88' lang='lat' dir='ltr'>lapidibus</span> <span class='ocrx_word' id='word_1_268' title='bbox 640 3001 655 3033; x_wconf 87' lang='lat' dir='ltr'>a</span> <span class='ocrx_word' id='word_1_269' title='bbox 678 2987 772 3053; x_wconf 90' lang='lat' dir='ltr'>populo</span> <span class='ocrx_word' id='word_1_270' title='bbox 799 2989 882 3055; x_wconf 90' lang='lat' dir='ltr'>supet·</span> 
     </span>
     <span class='ocr_line' id='line_1_38' title="bbox 42 3059 882 3128; baseline -0.001 -12"><span class='ocrx_word' id='word_1_271' title='bbox 42 3094 49 3101; x_wconf 87' lang='lat'><em>·</em></span> <span class='ocrx_word' id='word_1_272' title='bbox 88 3065 209 3116; x_wconf 73' lang='lat' dir='ltr'>veniente</span> <span class='ocrx_word' id='word_1_273' title='bbox 229 3063 352 3128; x_wconf 84' lang='lat' dir='ltr'>appetita,</span> <span class='ocrx_word' id='word_1_274' title='bbox 374 3063 399 3112; x_wconf 90' lang='lat' dir='ltr'>in</span> <span class='ocrx_word' id='word_1_275' title='bbox 419 3077 503 3113; x_wconf 86' lang='lat' dir='ltr'>canem</span> <span class='ocrx_word' id='word_1_276' title='bbox 520 3059 627 3110; x_wconf 89' lang='lat' dir='ltr'>rabidam</span> <span class='ocrx_word' id='word_1_277' title='bbox 649 3071 739 3111; x_wconf 88' lang='lat' dir='ltr'>mutata</span> <span class='ocrx_word' id='word_1_278' title='bbox 753 3061 807 3113; x_wconf 89' lang='lat' dir='ltr'>suit.</span> <span class='ocrx_word' id='word_1_279' title='bbox 826 3063 882 3116; x_wconf 86' lang='lat' dir='ltr'>Me·</span> 
     </span>
     <span class='ocr_line' id='line_1_39' title="bbox 91 3132 882 3206; baseline 0 -18"><span class='ocrx_word' id='word_1_280' title='bbox 91 3140 210 3206; x_wconf 79' lang='lat' dir='ltr'>tamorpl.</span> <span class='ocrx_word' id='word_1_281' title='bbox 232 3136 287 3188; x_wconf 69' lang='lat' dir='ltr'>nb.</span> <span class='ocrx_word' id='word_1_282' title='bbox 305 3155 341 3205; x_wconf 72' lang='grc' dir='ltr'>ις.</span> <span class='ocrx_word' id='word_1_283' title='bbox 362 3135 459 3205; x_wconf 77' lang='lat' dir='ltr'>Ulysses</span> <span class='ocrx_word' id='word_1_284' title='bbox 484 3132 591 3201; x_wconf 76' lang='lat' dir='ltr'>repetiti</span> <span class='ocrx_word' id='word_1_285' title='bbox 617 3136 795 3202; x_wconf 85' lang='lat' dir='ltr'>navigatione,</span> <span class='ocrx_word' id='word_1_286' title='bbox 817 3139 882 3189; x_wconf 85' lang='lat' dir='ltr'>abri-</span> 
     </span>
     <span class='ocr_line' id='line_1_40' title="bbox 92 3206 883 3279; baseline 0.005 -18"><span class='ocrx_word' id='word_1_287' title='bbox 92 3211 158 3277; x_wconf 87' lang='lat' dir='ltr'>pitur</span> <span class='ocrx_word' id='word_1_288' title='bbox 178 3213 204 3277; x_wconf 85' lang='lat' dir='ltr'>in</span> <span class='ocrx_word' id='word_1_289' title='bbox 226 3212 334 3263; x_wconf 79' lang='lat' dir='ltr'>Africam</span> <span class='ocrx_word' id='word_1_290' title='bbox 351 3212 380 3261; x_wconf 91' lang='lat' dir='ltr'>ad</span> <span class='ocrx_word' id='word_1_291' title='bbox 407 3209 585 3279; x_wconf 82' lang='lat' dir='ltr'>Lotophagos,</span> <span class='ocrx_word' id='word_1_292' title='bbox 604 3206 638 3258; x_wconf 86' lang='lat' dir='ltr'>ita</span> <span class='ocrx_word' id='word_1_293' title='bbox 661 3221 765 3261; x_wconf 84' lang='lat' dir='ltr'>vocatos</span> <span class='ocrx_word' id='word_1_294' title='bbox 789 3228 803 3261; x_wconf 89' lang='lat' dir='ltr'>a</span> <span class='ocrx_word' id='word_1_295' title='bbox 828 3214 883 3265; x_wconf 86' lang='lat' dir='ltr'>loto</span> 
     </span>
     <span class='ocr_line' id='line_1_41' title="bbox 92 3282 883 3355; baseline 0.005 -19"><span class='ocrx_word' id='word_1_296' title='bbox 92 3286 182 3338; x_wconf 81' lang='lat' dir='ltr'>arbore</span> <span class='ocrx_word' id='word_1_297' title='bbox 199 3284 270 3355; x_wconf 83' lang='lat' dir='ltr'>eujus</span> <span class='ocrx_word' id='word_1_298' title='bbox 285 3285 375 3353; x_wconf 59' lang='lat' dir='ltr'>huam</span> <span class='ocrx_word' id='word_1_299' title='bbox 391 3297 441 3337; x_wconf 74' lang='lat' dir='ltr'>nm</span> <span class='ocrx_word' id='word_1_300' title='bbox 461 3283 546 3337; x_wconf 80' lang='lat' dir='ltr'>suaves</span> <span class='ocrx_word' id='word_1_301' title='bbox 566 3284 673 3336; x_wconf 86' lang='lat' dir='ltr'>habebat</span> <span class='ocrx_word' id='word_1_302' title='bbox 686 3282 832 3347; x_wconf 86' lang='lat' dir='ltr'>illecebras,</span> <span class='ocrx_word' id='word_1_303' title='bbox 854 3300 883 3340; x_wconf 87' lang='lat' dir='ltr'>ut</span> 
     </span>
    </p>
   </div>
   <div class='ocr_carea' id='block_1_6' title="bbox 0 0 1136 3842">
    <p class='ocr_par' dir='ltr' id='par_1_6' title="bbox 0 0 1136 3842">
     <span class='ocr_line' id='line_1_42' title="bbox 0 0 1136 3842; baseline 0 0"><span class='ocrx_word' id='word_1_304' title='bbox 0 0 1136 3842; x_wconf 95' lang='lat' dir='ltr'> </span> 
     </span>
    </p>
   </div>
  </div>
 </body>
</html>
