2192 3842
259 232 472 304 sarran
511 229 770 318 Quanta·
866 254 909 320 77

112 337 149 402 Et
159 356 210 403 tua
220 332 368 404 servatum
382 341 520 404 consume
529 344 558 401 in
569 340 663 403 secula
673 339 842 404 rhombum.

113 421 180 505 Ipse
190 428 258 506 capi
268 426 374 486 voluit.
383 418 604 504 Quidapertius
616 420 627 483 i
640 425 780 484 &tamen
793 424 835 482 illi

116 505 282 588 surgebant
292 505 391 568 cristae.
404 502 485 566 Nihil
495 501 535 566 eil
543 551 553 578 ,
562 505 642 587 quod
653 502 821 583 credetede
831 503 860 565 se

116 586 188 648 Non
199 583 305 668 possit,
315 591 382 649 clim
394 584 525 648 laudatur
534 581 589 647 Dis
601 609 682 669 aequa
691 584 832 668 potestas.
929 592 966 644 7ο

114 667 173 730 Sed
182 670 287 732 deerat
299 668 366 751 pisci
378 672 485 750 patinae
495 668 640 730 mensura.
650 669 805 729 Vocantur

115 748 195 833 Ergo
206 754 236 810 in
249 751 405 812 concilium
415 771 573 832 proceres,
586 770 660 831 quos
671 750 775 810 oderat
784 749 832 833 ille
843 769 855 823 3

114 830 147 892 In
178 850 289 919 uorum
297 832 372 893 facie
385 832 497 892 miserae
507 878 517 908 ‚
526 852 699 913 magnaeque
710 831 828 892 sedebat

114 854 214 974 Pallor
227 915 371 1004 amicitiae.
381 912 507 986 Primus,
519 913 664 1001 clamante
679 911 828 987 Liburno,

116 991 254 1067 Currite,
262 1014 324 1071 ram
334 995 406 1056 sedit
417 1039 426 1068 ‚
438 995 520 1075 rapti
531 995 709 1076 properabat
719 994 817 1054 abolla
927 1006 961 1057 75

115 1072 257 1159 Pegasus,
267 1077 399 1138 attonitae
410 1077 519 1156 positus
528 1076 626 1156 modii
642 1077 751 1136 villicus
761 1077 838 1137 urbi.

21 1168 22 1171 ’
116 1156 894 1240 Annealiudtuncl'raefesli?quorumop'timus,atque

116 1237 267 1321 Interptes
276 1240 372 1322 legum
383 1237 564 1300 sauiiiffimus
575 1263 584 1313 3
595 1236 694 1299 omnia
703 1261 879 1321 quamquam

116 1318 321 1401 Temporibus
333 1322 401 1382 diris
410 1320 555 1381 traslanda
565 1321 685 1401 putabat
694 1323 819 1394 inermi,

115 1400 241 1465 iustitis.
255 1403 391 1464 Venit&
403 1400 497 1485 Crispi
508 1401 634 1480 jucunda
647 1401 797 1476 senectus,
931 1406 968 1459 80

116 1522 158 1565 ra,
178 1520 206 1553 ut
223 1509 302 1571 opimo
316 1506 376 1570 pisci
397 1521 478 1571 pateat
496 1521 559 1554 tetras
577 1523 585 1554 .·
604 1505 698 1556 rhombo
720 1504 826 1569 vescere,
846 1518 911 1567 quern

112 1570 194 1636 firperi
209 1584 251 1619 ruo
259 1570 339 1634 seculo
349 1569 510 1634 serraverunt.
531 1569 602 1618 Ulerei
621 1570 667 1634 ipsi
682 1584 763 1635 captus
783 1568 822 1630 est.
847 1566 913 1634 Quid
935 1568 938 1575 ⁴
1016 1585 1024 1593 ·

117 1635 258 1684 adulatione
271 1649 320 1683 tam
337 1637 421 1700 putida
436 1633 551 1684 clarius?
568 1634 694 1701 plaudebat
711 1635 757 1701 ipse
769 1633 815 1695 fibi
834 1646 912 1680 tamen

115 1698 269 1767 Imperator,
286 1699 314 1748 δ’
325 1704 413 1765 ineptis
429 1699 537 1757 laudibus
557 1698 626 1748 trium
643 1699 721 1750 stabat.
738 1700 804 1749 Adeo
823 1697 911 1765 quasti·-

117 1766 153 1815 bet
171 1765 243 1817 auidi
262 1766 388 1819 admittunt
403 1764 484 1814 bader
495 1804 503 1829 ,
515 1783 543 1815 ac
561 1767 588 1814 de
604 1719 641 1830 β
666 1765 763 1815 uidlibet
781 1763 912 1814 dicentibus

116 1832 232 1888 eredunt,
251 1830 376 1897 p'aesparerrr
391 1826 487 1899 Superis
502 1785 695 1898 potestatembrrrt
707 1834 793 1898 adepti.
813 1832 910 1878 Ararim

116 1895 186 1945 nulla
204 1910 256 1945 erat
267 1896 423 1962 patinastetis
444 1896 541 1963 ampla,
556 1913 581 1946 ut
596 1902 621 1946 in
639 1915 666 1949 ea
687 1915 713 1948 eo
730 1902 755 1947 ui
776 1897 800 1949 δ’
823 1897 912 1963 apponi

116 1977 165 2011 tam
179 1962 258 2025 vastus
272 1962 346 2029 piscis
360 1961 439 2028 poffet.
453 1961 533 2030 ltaque
544 1966 633 2029 cogitur
644 1917 782 2022 concibant,
797 1966 911 2032 primores

53 2064 61 2079 r
115 2031 226 2077 ciuitatis
249 2026 393 2092 accerfirrrtur
408 2046 418 2085 ς
435 2033 474 2095 qui
490 2027 540 2091 sript
561 2028 674 2093 infaustum
695 2030 804 2076 baberent
820 2027 913 2075 Domi·
1002 2038 1005 2045 ’

116 2096 231 2154 manum,
247 2092 297 2158 ipstr
306 2093 371 2141 vultu
381 2097 455 2141 artreio
468 2093 592 2159 &plessicio
603 2095 665 2156 sertis
678 2091 831 2150 indicabant,
844 2092 912 2155 purim

115 2160 203 2224 misera
211 2156 265 2224 effer
282 2172 330 2206 ram
340 2157 400 2222 sari
411 2161 528 2224 principis
538 2162 654 2206 amicitia.
665 2157 732 2206 Dum
737 2155 842 2231 strigulus
848 2154 913 2220 festi·

21 2226 22 2229 ’
117 2240 175 2273 aare
183 2239 262 2295 praep
274 2222 338 2285 jubet
348 2260 356 2282 ,
367 2238 472 2290 urgetque
489 2222 528 2271 leis
541 2223 617 2272 uerbis
628 2240 636 2272 .·
646 2221 764 2272 Aduolare
773 2260 780 2283 ,
788 2239 839 2288 pam
851 2221 914 2283 adest

117 2288 212 2354 Cesar,
229 2291 319 2353 primus
336 2286 417 2337 abolla
434 2288 530 2355 properi
556 2291 652 2338 indueus
676 2288 792 2338 celerabat
814 2289 913 2354 gradum

117 2351 242 2420 Pegasus,
258 2371 305 2402 narr
320 2356 356 2402 ite
364 2356 454 2419 pridem
464 2355 516 2403 urbi
527 2357 621 2421 trepida
635 2354 731 2404 villicus
741 2372 756 2403 a
768 2354 913 2405 Domitiano

21 2460 22 2467 ,
74 2445 77 2449 ·
114 2417 253 2486 prapofitus
271 2434 280 2468 .·
296 2420 354 2486 quid
366 2422 427 2467 enim
445 2417 513 2468 aliud
535 2435 590 2468 tunc
614 2436 679 2469 erant
696 2419 801 2483 Prafec'li
828 2418 910 2477 urbis,

131 2485 188 2533 usim
207 2479 321 2534 villici?
335 2488 397 2534 irater
429 2503 471 2534 uos
486 2483 545 2550 firmi
564 2483 666 2550 Pegafirs
682 2484 799 2551 probitate
816 2483 914 2553 prasta-

116 2503 175 2605 bae,
193 2550 297 2616 idemque
312 2547 387 2615 legum
407 2502 430 2599 b
447 2549 509 2611 juris
528 2554 641 2616 interpres
661 2566 712 2599 erat
733 2554 913 2617 integerrimus,

117 2613 174 2664 licit
200 2612 354 2664 arbitraretur
374 2618 400 2664 in
419 2614 464 2663 illa
490 2631 616 2682 temporum
635 2616 759 2665 acerbitate
781 2615 914 2681 &fierier'a

117 2677 216 2729 mollem
231 2698 259 2729 ae
278 2678 428 2746 languidam,
448 2698 476 2728 ac
492 2679 556 2730 uelut
569 2685 677 2730 inermem
693 2679 807 2743 justitiam
825 2684 851 2728 irs
868 2681 915 2729 erui·¹

116 2745 275 2808 ministranda
285 2745 401 2813 republica
411 2744 451 2811 effe
462 2746 624 2801 adhibendam.
633 2746 720 2813 Adfuit
735 2751 806 2795 etiam
820 2745 915 2812 Crispus

149 2836 195 2902 69.
202 2836 288 2899 Crisia.
298 2834 438 2902 Sumptuma
453 2837 502 2902 gal·
566 2838 608 2901 76.
619 2836 730 2902 Pegafirs.
744 2831 800 2885 Hoc
816 2835 838 2883 in
856 2834 915 2885 loco

21 2890 22 2949 ἕ
118 2901 147 2955 lis
170 2901 327 2970 gallinaceis,
341 2900 424 2967 quibus
444 2899 502 2951 lati·
532 2915 621 2952 nomen
642 2900 674 2950 eli
686 2900 803 2951 senatoris
818 2909 858 2950 aut
875 2898 916 2952 lu·

116 2969 151 3019 tia
174 2965 255 3019 crilias
281 2967 348 3034 erigit
363 3000 372 3022 .
397 2964 504 3031 deprimit
534 2962 660 3016 risconiuiti
676 2963 794 3029 peritissimi
805 3002 813 3030 ,
824 2964 850 3016 δι
864 2962 916 3017 Ro·

118 3047 222 3086 moeror.
534 3027 699 3083 mael'raeseili.

151 3113 195 3163 74,
206 3097 320 3148 Liburna.
329 3095 378 3153 Sat.
388 3093 440 3154 111,
458 3109 502 3149 no·
567 3096 609 3150 80.
623 3097 708 3166 Crispi.
724 3096 809 3149 Vibius
822 3096 917 3177 Crispus

118 3175 142 3216 ta
160 3179 220 3230 ²25·
534 3165 610 3216 homo
620 3163 744 3217 facetus&
754 3163 830 3215 comit
841 3200 848 3223 ,
860 3177 916 3214 cum

151 3244 194 3295 75.
204 3227 305 3284 Abolla.
317 3226 428 3295 Sattil,
445 3237 502 3283 uota
533 3229 607 3282 suisset
633 3226 758 3297 aliquando
782 3230 917 3293 interroga·

23 3290 24 3299 ³
116 3296 222 3354 Abolla.
407 3356 411 3369 x
533 3306 571 3348 tus
581 3333 590 3364 ,
607 3295 691 3349 essetne
712 3294 773 3345 solus
798 3294 916 3346 Domitia·

667 3357 701 3422 n
721 3357 754 3440 iij
