2192 3842
209 205 274 282 426
347 200 620 268 ,Atessuotx
650 200 716 266 DE
745 198 852 265 Dus

210 324 328 381 gnuntur.
345 312 418 364 Dina
435 329 534 381 quoque
557 311 633 367 Velia
655 310 802 380 reperitur:
821 309 904 381 vulgis
931 323 1020 365 tantu
1075 310 1076 323 ¹

210 388 286 441 Vella
303 388 401 438 Saturni
411 399 507 449 mater,
524 385 697 453 nonconjux,
710 385 811 452 ponitur
829 386 945 454 piraque
959 390 1021 437 duas

199 456 285 530 aliqui
300 461 388 528 Yel'tas
398 461 547 513 constituunt
557 500 567 525 ,
578 477 651 511 unam
667 459 732 511 Coeli
747 457 903 528 conjugem,
920 462 950 513 δι
964 478 1022 511 rna·

210 547 274 586 trem
290 536 386 586 Saturni
395 554 404 595 3
416 537 518 586 alteram
532 534 675 602 juniorem,
693 534 834 586 &Saturni
849 533 930 587 filiam
951 551 961 586 t
984 535 1022 585 se·
1076 578 1077 589 ,

210 609 306 661 niorern
321 609 430 661 eamdem
445 610 560 661 effecum
577 608 694 679 Cybele,
713 625 742 658 ac
761 608 887 667 Tellure,
901 610 1023 660 censent.
1076 604 1077 607 ’

211 681 359 751 Pingebntur
375 686 416 735 illa
434 684 541 744 sedens,
556 684 613 752 quja
628 696 694 735 terra
710 681 775 743 stat,
790 681 838 734 luis
849 683 941 734 librata
954 700 1022 750 pon·

212 757 311 808 deribus
331 772 498 827 3tyrnpanum
519 760 622 827 gerebat
640 774 730 815 manu,
750 756 806 824 quia
831 770 902 808 terra
926 771 1022 809 ventos

210 829 262 882 finu
281 833 412 892 continet,
430 826 617 900 quierumpunt
634 832 692 882 inde
703 847 760 881 curn
776 830 878 899 fragore
890 831 1018 882 cederunt

199 903 302 957 ‹circitm
317 907 405 968 belluae
426 922 434 957 a
453 923 527 958 curru
544 907 701 965 vehebatur,
719 921 791 972 quem
805 905 943 957 trahebant
963 907 1018 956 lee-

147 986 150 989 ‘
209 995 255 1030 nes
275 996 283 1031 a
302 993 375 1047 caput
391 980 509 1041 floribus,
528 980 685 1048 plantisque,
701 979 786 1046 laepius
799 979 897 1031 toroni
912 981 1018 1030 eturri-

209 1053 302 1107 bus&
325 1071 450 1105 murorum
476 1055 556 1122 pinnis
580 1054 713 1113 conflati,
740 1052 895 1122 cingebatur.
924 1052 1017 1107 Junior

209 1125 285 1178 vena
303 1126 354 1196 igni
373 1140 497 1196 praeerat,
513 1129 586 1197 eique
606 1146 674 1178 aram
693 1128 772 1178 Numa
790 1126 927 1194 Pompilius
950 1143 1016 1178 con·

207 1198 333 1261 lecramt,
352 1202 379 1254 dt
397 1201 478 1271 ignem
495 1203 520 1252 in
531 1220 572 1253 ara
591 1213 739 1271 perpetuum
748 1201 828 1252 foueri
842 1200 910 1270 judit
920 1234 928 1260 ‚
940 1200 1015 1266 cujus

209 1274 291 1326 alendi
307 1292 390 1326 curam
408 1277 542 1346 virginibus
562 1277 702 1328 Vestalibus
725 1275 891 1326 demandavit.
913 1275 940 1325 Si
957 1276 1014 1326 casu

210 1350 413 1418 extingueretur,
431 1351 584 1402 indicebatur
610 1351 740 1419 juliltium,
765 1349 792 1402 δι
810 1351 911 1416 publica
930 1383 939 1408 ,
960 1351 1013 1416 pri·

209 1436 315 1491 rataque
332 1425 432 1494 negotia
446 1424 671 1476 intermittebantur
681 1458 689 1484 ,
701 1424 782 1475 donec
799 1423 939 1492 prodigium
950 1424 1011 1473 illud

210 1495 356 1556 infaustum,
375 1497 497 1565 expiatum
514 1497 594 1549 fuiliet
612 1514 620 1551 t
639 1496 935 1557 werinmundi,
957 1513 1009 1565 gra·

211 1569 277 1621 viter
294 1572 320 1621 in
344 1587 385 1621 eas
405 1573 650 1631 animadvertebatur.
676 1570 817 1636 Quotannis
843 1573 1011 1621 renovabatur

210 1644 272 1712 ignis
288 1645 349 1706 ille,
368 1643 486 1715 Kalendis
505 1645 622 1705 Martiis,
639 1646 718 1713 periti
735 1659 786 1695 non
812 1645 845 1694 ab
862 1645 922 1713 igne
941 1645 1005 1704 alio,

211 1717 252 1767 ied
269 1735 284 1768 a
300 1718 377 1777 Sole,
396 1719 499 1772 flammi.
519 1720 628 1788 Cybeles
647 1719 707 1773 iesta
730 1716 867 1785 Megalefia
884 1720 1010 1769 vocabar·

210 1802 252 1840 tur
262 1790 422 1849 asacetdotes
438 1793 582 1845 dicebantur
599 1793 684 1852 Galli,
701 1809 716 1842 a
733 1789 810 1842 Gallo
821 1828 829 1854 ,
840 1790 954 1861 Pbrygie
964 1792 1007 1842 flu·

211 1863 268 1924 rio,
279 1863 349 1931 cujus
367 1865 514 1934 aquiepoti
531 1868 557 1917 in
569 1867 659 1918 rabiem
673 1863 734 1917 verli
754 1867 895 1916 lacerabant
913 1866 939 1917 se
955 1868 1007 1916 cul·
1080 1918 1081 1931 p

210 1937 278 2002 tris,
293 1942 507 2006 caputrotabant,
519 1941 544 1992 bt
561 1939 667 1992 adverlis
680 1939 803 1991 frontibus
820 1939 886 1990 inter
904 1938 930 1991 t'e
940 1942 1006 1991 velut

212 2013 347 2064 anetabmt
359 2031 368 2073 ς
379 2015 443 2067 unde
452 2014 500 2067 illis
512 2016 585 2066 etiarn
595 2014 754 2085 Corybantes
762 2029 854 2064 nomen
869 2013 927 2065 fuit.
938 2013 1006 2066 Toc-

213 2086 303 2140 debant
319 2088 392 2138 tidem
407 2105 501 2139 comam
518 2090 543 2140 in
561 2088 638 2157 priori
655 2088 740 2154 capitis
759 2098 829 2154 parte
846 2103 855 2144 t
876 2086 938 2138 nola
955 2104 1005 2138 mu·

214 2160 284 2213 liebri
294 2176 365 2214 erant
384 2163 462 2213 induti
473 2178 482 2216 a
492 2162 581 2215 iovem
591 2164 616 2214 in
627 2163 702 2213 Creta
718 2161 794 2212 ursula
809 2161 937 2221 aluerant,
950 2178 1007 2229 quta

212 2238 247 2287 eb
267 2235 350 2288 causas
366 2234 474 2287 Curetes
487 2237 579 2303 pariter
595 2236 672 2288 ditius
690 2237 788 2286 volunt.
804 2235 923 2305 Denique
941 2253 1007 2303 repe·

213 2309 311 2362 riuntur
319 2310 436 2377 appellati
450 2310 514 2377 saepe
523 2310 623 2380 Datlyli
633 2309 700 2362 ldaei.
710 2308 812 2378 Daiiyli
826 2310 924 2376 quidem
937 2310 1007 2377 [que

214 2400 267 2435 vox
283 2382 374 2435 Graeca
391 2384 482 2453 digitos
496 2382 631 2453 fignificat]
646 2384 702 2453 quia
718 2384 805 2433 decem
827 2383 905 2449 [quot
921 2384 946 2433 in
958 2401 1007 2433 ma·

214 2458 287 2509 nibus
302 2457 394 2526 digiti]
411 2470 498 2509 etant:
509 2460 551 2509 vel
568 2457 652 2526 qudi,
669 2455 741 2507 instat
757 2456 906 2525 digitorum,
925 2460 1008 2524 quibus

216 2548 301 2583 manus
317 2534 393 2582 ambe
408 2543 530 2595 utuntur,
546 2531 623 2585 Diva
636 2530 722 2600 praello
738 2530 816 2581 elient
835 2531 866 2580 ad
885 2547 958 2583 onme
974 2531 1008 2583 la·

194 2633 198 2638 ν
216 2621 314 2654 crorum
333 2605 484 2671 obsequium.
494 2605 555 2656 ldaei
571 2605 631 2658 verb
641 2605 722 2674 ,fquia
733 2604 800 2653 idam
816 2601 932 2672 Pbrygiae
942 2623 1009 2656 mon-

216 2690 268 2731 tem
286 2678 436 2729 incolebant·
462 2680 536 2731 Sacra
561 2678 671 2749 Cybeles
696 2668 853 2729 celebrabant
880 2679 1009 2730 inconditis

217 2751 383 2810 elamoribus,
397 2751 500 2813 fistulis,
517 2754 599 2813 tibiis,
615 2770 643 2804 at
660 2752 782 2822 tympanis
798 2754 1009 2819 percrepantibus.

217 2825 302 2876 Rome
319 2843 333 2876 a
349 2825 445 2878 strumis
464 2824 555 2878 fiebant
571 2827 656 2881 eadem
675 2827 700 2877 in
726 2826 820 2892 templo
843 2840 873 2875 ac
897 2827 955 2878 loro
973 2826 1009 2879 se·

219 2910 309 2961 creto,
326 2902 392 2968 quod
411 2901 533 2968 Opertum
546 2903 734 2968 nuncupabant,
751 2896 854 2957 exclulis
870 2899 939 2951 viris.

257 2974 394 3028 Saturni&
412 2974 494 3043 Opis,
512 2975 553 3026 seu
574 2975 683 3044 Cybeles
698 2970 747 3024 lilia
769 2972 849 3026 Ceres
865 2973 911 3024 iuit
929 3006 937 3034 ,
955 2973 1010 3025 Dea

219 3047 336 3117 frugum,
359 3048 527 3101 &inventrix
552 3048 677 3101 frumenti.
697 3046 866 3112 Quamobrem
894 3063 948 3097 cum
964 3047 1010 3114 spi·

129 3156 133 3162 ·
209 3122 266 3197 ,rei
278 3121 370 3174 cornui
383 3123 511 3191 pingitur,
527 3123 648 3191 &plenis
668 3122 781 3173 uberibus
798 3137 807 3180 ς
825 3137 857 3172 ex
868 3137 919 3187 quo
936 3134 1007 3171 mam·

208 3196 312 3256 mose,
336 3197 363 3247 bt
380 3199 450 3248 alma
473 3213 563 3247 nomen
581 3196 614 3248 eli
632 3196 741 3263 adepte,
762 3193 828 3263 qudd
848 3208 932 3246 omnes
950 3195 1010 3247 alat.

215 3268 310 3336 ¹Facem
327 3269 518 3342 gelidamque
534 3269 608 3325 filiam
620 3269 789 3338 Proserpinam
804 3266 940 3321 ailinane
957 3284 1008 3337 rap
