2192 3842
174 169 235 273 442'
329 191 589 259 urrannrx
618 190 818 256 nanus

174 304 241 354 labat
258 300 336 361 Jovi;
357 304 421 361 ille,
440 302 465 355 in
481 301 588 352 Thracia'
606 335 614 360 ,
637 302 736 352 eosdem
754 301 885 353 ferocibus
903 296 978 369 equit
1065 306 1066 317 ¹

176 376 376 435 conculcandos,
393 394 422 427 ac
442 375 596 426 devorandos
614 408 622 436 ,
637 378 770 442 prebebat.

214 450 266 502 lllis
291 467 334 518 par
358 450 505 501 immanitate
534 450 660 502 serebatur
689 450 825 519 Geryon,
848 447 978 517 Hispania

176 540 251 585 tex,
281 526 404 591 tricorpor
422 542 433 584 ς
462 540 535 592 quem
559 523 629 592 simili
653 521 736 575 affecit
756 540 838 592 poena.
856 522 979 592 Magum

177 615 277 666 quoque
301 598 420 649 industria
442 598 541 649 laudem
561 598 618 649 tulit
633 598 657 647 in
682 599 839 668 repurgando
860 597 973 665 Augiae,

177 672 243 741 regit
263 672 358 732 Elidis,
376 671 488 732 stabulo,
508 672 534 722 in
555 689 607 739 quo
621 673 732 729 colleslae
752 672 833 724 multis
849 674 885 722 ab
907 669 979 722 annis
1065 706 1066 743 p

178 745 281 806 sordes,
300 747 381 797 a'e'rem
399 745 520 814 pellilenti
541 746 620 797 odore
636 745 786 797 inficiebant.
809 744 980 812 Metamorpb.

179 818 235 871 Lib.
255 838 281 883 9.
301 819 387 871 Parem
404 820 514 871 adhibuit
532 819 654 872 solertiam
671 833 723 871 tum
736 822 763 870 in
783 821 910 870 domando
924 831 978 869 tau·
1065 828 1066 849 ¹

179 911 210 944 ro
225 893 393 954 ferocissimo,
411 910 483 962 quem
502 894 578 946 iratus
598 894 729 962 Neptunus
751 895 775 945 in
798 894 906 947 Gracia
926 895 982 943 cla·

181 967 238 1019 dem
259 963 411 1027 creaverat,
433 981 485 1018 tum
505 969 531 1018 in
551 968 690 1020 auferendis
711 970 790 1020 aureis
811 967 981 1035 Hesperidum
1065 966 1066 987 ³

130 1103 137 1118 .
180 1043 277 1107 pomis,
302 1042 420 1108 sopiendo
435 1042 546 1109 pervigili
571 1044 701 1101 dracone,
721 1043 821 1093 illorum
847 1041 979 1092 custode:

179 1115 276 1165 hocin
299 1115 383 1166 labore
407 1115 545 1184 adjutorem
572 1115 702 1167 Atlantem
718 1116 830 1175 babuit;
857 1117 981 1182 quidum

180 1205 254 1255 poma
274 1190 429 1258 colligebat,
456 1189 577 1241 Hercules
599 1192 690 1242 ctelum
708 1190 816 1241 humeris
834 1191 904 1240 tulit.
927 1187 980 1240 Sed

181 1262 311 1312 marimum
331 1264 437 1313 omnium
451 1263 616 1330 periculorum
635 1265 694 1315 adiit
710 1265 735 1315 in
748 1263 881 1316 educendo
893 1264 924 1313 ab
940 1263 981 1312 in·

182 1336 242 1387 seris
260 1335 392 1397 Cerbero,
411 1336 575 1405 Metamorplr.
594 1336 650 1389 Lib.
665 1356 699 1401 9,
717 1354 839 1408 cumquo
853 1337 983 1390 Theseum

173 1407 287 1461 'amicum
306 1411 389 1470 suum,
411 1411 444 1460 ibi
463 1411 589 1471 vinsium,
607 1412 699 1478 pariter
716 1412 811 1463 eduxit.
1065 1398 1066 1479 J

221 1484 267 1534 His
283 1485 405 1535 laboribus
422 1485 528 1535 feliciter
548 1485 709 1551 perfundas,
729 1488 815 1537 orbem
835 1495 984 1543 terrarum
1065 1482 1066 1493 ¹

183 1557 216 1607 ad
234 1559 352 1609 levandos
374 1560 489 1608 mortales
509 1560 581 1610 variis
601 1559 778 1611 calamitatibus
799 1559 981 1617 conflisiatos,

122 1646 125 1652 ·
184 1634 334 1700 peragravit.
360 1632 454 1683 Italiam
475 1631 563 1690 Caco,
584 1633 690 1686 Vulcani
710 1631 761 1683 srlio
779 1666 790 1692 ,
810 1634 910 1684 latrone
925 1630 983 1682 infi-

185 1707 227 1773 gni
245 1739 253 1763 ,
277 1707 398 1758 liberavit.
424 1706 598 1759 Prometheum
617 1741 626 1767 ,
645 1708 670 1758 in
691 1706 804 1758 Caucaso
824 1708 984 1774 religatum,

184 1778 290 1828 vinculis
302 1779 402 1830 exemit.
411 1780 544 1837 Antaeum,
557 1780 643 1832 Terrae
657 1779 749 1842 filium,
771 1780 887 1850 singulari
904 1794 985 1833 certa·
1065 1782 1066 1817 i

185 1852 251 1902 mine
280 1853 427 1920 profligavit·
454 1853 627 1924 Metamorplr.
643 1854 701 1908 Lib.
719 1873 747 1919 9.
768 1855 893 1924 Lycum,
914 1855 980 1923 qui,

185 1924 280 1976 Thebis
302 1927 378 1993 captis
402 1961 411 1989 ,
439 1925 598 1989 Creontem,
627 1945 711 1979 earum
729 1945 813 1997 regem
836 1962 845 1989 ‚
869 1928 982 1982 socerum

186 1999 324 2061 Herculis,
343 2013 403 2052 tunc
422 2003 453 2053 ad
470 2002 563 2053 inferos
578 2002 681 2070 profesti
698 2035 706 2062 ,
723 2002 910 2062 interfecerat,
934 2019 985 2054 me·

186 2073 234 2125 riti
255 2087 335 2134 morte
352 2075 472 2127 multavit.
493 2076 622 2128 Oceanum
640 2076 666 2127 in
684 2077 775 2128 medias
791 2093 872 2130 terras
887 2076 985 2130 induxit

187 2161 276 2215 aperto
294 2149 360 2201 sreto
382 2150 524 2208 Gaditano,
550 2150 693 2218 duobusque
714 2152 858 2208 montibus,
878 2150 983 2218 Calpe,

189 2223 216 2275 δι
235 2223 323 2279 Abila,
345 2224 468 2275 diduslis:
490 2227 595 2292 quibus,
618 2238 742 2294 tamquam
755 2225 877 2277 columnis
897 2226 983 2277 trium·
1065 2286 1066 2293 ἵ

187 2296 319 2364 phalibus,
338 2299 444 2366 elogium
458 2299 518 2350 illud
535 2298 651 2366 inscripsit
661 2316 669 2351 r
681 2299 742 2352 Non
753 2301 812 2369 plus
822 2299 899 2351 altra.
917 2299 984 2351 Her·

177 2372 250 2421 vculis
269 2370 527 2440 gloriam-iniquissime
544 2372 627 2426 serens
643 2373 729 2436 luno,
753 2387 805 2425 tam
824 2373 883 2424 diro
896 2373 988 2426 surore
1065 2366 1066 2369 Ἴ

186 2443 255 2495 illum
273 2445 406 2507 contullit,
425 2460 453 2506 ut
472 2447 600 2516 Megaram
616 2464 736 2508 uxorem,
753 2448 893 2516 liberosque
911 2448 985 2499 occi·

188 2518 252 2569 derit
261 2536 271 2585 3
289 2536 336 2570 nec
353 2520 394 2571 srbi
412 2522 532 2574 violentas
551 2521 600 2588 ipse
620 2537 670 2573 non
687 2522 803 2575 attulisset
821 2538 905 2574 manus
917 2522 986 2590 poll·

187 2609 260 2659 quam
284 2594 307 2643 se
329 2595 358 2659 ab
376 2595 419 2645 illo
441 2597 525 2647 surore
547 2596 668 2665 collegit,
694 2595 735 2648 nili
755 2614 811 2647 eum
829 2597 902 2647 amici
922 2597 984 2647 atti·

187 2665 302 2718 aruissent.
323 2667 449 2722 Vislorem
465 2682 505 2720 tot
519 2669 677 2722 monstrorum
693 2687 761 2722 amor
778 2671 883 2722 imbellis
901 2671 985 2731 vicit,

188 2757 218 2790 ac
239 2740 329 2803 servire
348 2743 453 2809 turpiter
470 2742 618 2811 Omphale,
641 2744 765 2812 Lydorum
785 2744 899 2814 regine,
922 2746 983 2797 coti·
1065 2810 1066 2813 Ἴ

190 2813 248 2882 git,
275 2816 415 2885 clavamque
435 2818 515 2879 colo,
537 2820 616 2870 leonis
634 2819 733 2870 exuvias
751 2818 865 2870 muliebri
887 2821 956 2870 cultu
970 2854 982 2878 ,

189 2902 295 2941 mutare.
319 2889 367 2943 Pro
393 2891 511 2959 Dejanira
535 2909 633 2961 quoque
652 2893 769 2961 pugnavit
790 2906 877 2944 contra
897 2893 982 2945 Ache·

190 2962 280 3024 loirm,
309 2963 421 3017 Thetidis
438 2965 523 3018 filium.
545 2966 707 3036 Metamorpl.
727 2965 782 3018 Lib.
803 2986 828 3030 9.
855 2966 896 3018 Eo
912 2968 983 3034 supe-

188 3051 265 3097 rato,
281 3036 335 3089 crim
348 3042 473 3106 puellam,
487 3057 575 3108 pugnae
587 3043 729 3108 premium,
744 3041 843 3093 domum
858 3042 983 3101 duceret,

188 3109 340 3164 Centaurum
361 3114 483 3176 Nessum,
504 3114 647 3183 Deianiram
669 3117 793 3167 abducere
815 3127 982 3176 tentantem,

187 3184 279 3253 sagittis
293 3187 426 3241 interemit.
443 3184 529 3241 Nessus
546 3193 674 3249 moriens,
691 3191 716 3242 dt
733 3190 853 3242 ultionem
868 3189 984 3258 spirans,
1065 3206 1066 3213 ¹

185 3257 277 3312 vellem
297 3261 346 3316 suo.
367 3279 478 3327 rmore,
500 3263 567 3335 quod
594 3263 803 3337 prasentillimum
822 3275 877 3319 erat
895 3280 984 3319 vena·
