2192 3842
241 162 299 267 ar
320 203 572 269 nauoruus
592 204 833 277 roarrcts.
874 227 934 290 439

144 308 210 375 quast
229 310 347 363 silentium
368 314 489 364 indicens.
516 311 663 377 Harpocrati
693 312 758 362 sacra
782 327 834 366 erat
862 320 934 367 arbor

144 382 253 442 Persea,
270 385 336 453 qudd
351 386 405 453 ejus
421 386 499 444 lolia,
521 387 609 452 linguae
626 401 634 443 3
654 386 744 436 stulius
757 405 858 448 aurem,
877 407 935 441 cor·

143 457 181 509 dis
199 460 303 524 speciem
323 478 372 526 prae
393 461 417 510 se
438 461 528 511 lerant.
547 462 587 510 Ab
603 459 686 509 iisdem
706 458 829 528 AEgyptiis
850 465 933 531 Ange·

34 596 38 603 ι
142 534 235 591 tonia,
253 535 339 585 lilentii
362 536 417 584 Dea
437 534 523 601 praeses
544 536 696 592 habebatur,
716 535 814 604 ejusque
839 537 933 589 simula-

142 621 231 668 crum,
249 626 293 661 ore
310 610 419 678 obligato
437 610 462 661 bc
482 606 607 677 oblignato
625 608 754 674 proflabat.

198 903 389 990 PARS
447 905 870 996 SECUNDA.

294 1120 348 1185 De
368 1118 523 1188 semideis
548 1114 582 1189 e·
603 1119 774 1219 aaronis.

195 1298 351 1355 emitur.
372 1298 509 1353 ouroo
527 1272 868 1355 rnororh'rurnr.

138 1429 250 1542 Cum
268 1487 371 1557 primum
398 1491 528 1549 homines,
551 1489 645 1557 abrepti
666 1491 823 1557 cupiditatum
847 1490 927 1557 aeliu,

133 1562 160 1615 iu
180 1565 292 1633 graviora
311 1562 403 1633 flagitia
423 1562 525 1629 prolapsu
548 1564 619 1622 sunt,
640 1577 699 1614 runc
721 1564 819 1633 originis
836 1565 883 1615 suae
900 1568 925 1617 dc

135 1635 282 1690 conditoris
297 1638 384 1697 obliti,
396 1652 461 1688 noea
474 1636 516 1687 fibi
536 1638 632 1688 numina
651 1637 807 1689 fabricarunt.
826 1636 864 1690 Ac
877 1639 926 1704 pri·

132 1710 174 1764 md
194 1712 291 1779 quidem
306 1712 390 1761 Solem
407 1712 433 1762 dc
447 1709 539 1761 Lunam
556 1711 708 1767 adoravere,
729 1712 783 1779 quia
796 1711 857 1763 nihil
874 1712 926 1762 for·

131 1784 220 1837 tuosius
240 1784 400 1852 objiciebatur
415 1784 534 1846 sensibus,
547 1801 649 1852 quorum
665 1783 757 1851 judicio
772 1783 824 1837 fere
845 1785 925 1838 omnla

132 1860 320 1911 metiebantur:
340 1859 428 1910 deinde
447 1860 584 1909 hominibus
602 1857 656 1925 ipsis
683 1861 775 1909 cultum
799 1860 841 1909 uni
864 1860 923 1910 Deo
983 1904 986 1908 .

130 1932 240 1984 debitum
259 1934 429 1984 adhibuerunt.
447 1933 475 1983 ld
493 1934 584 1999 primus
600 1932 708 1983 omnium
725 1932 827 1983 tentaffe
845 1932 924 1985 Ninus

131 2006 227 2067 fertur,
241 2006 306 2058 eirca
324 2007 406 2057 mundi
422 2023 509 2056 annum
530 2020 615 2070 1945,
630 2006 672 2073 qui
689 2004 811 2056 collocari
826 2004 925 2072 publice

128 2083 205 2149 patris
221 2081 256 2131 sui
272 2080 327 2131 Beli
342 2080 433 2139 statui,
447 2078 509 2144 jutlit
526 2080 557 2130 ad
574 2095 627 2130 earn
641 2096 729 2146 preter
746 2080 772 2131 dt
790 2092 850 2130 rota
864 2096 924 2131 con·

129 2155 187 2222 cipi.
204 2154 348 2221 Exemplum
365 2154 455 2204 secutae
475 2165 562 2222 gentes
578 2152 684 2210 vicinae,
705 2152 800 2204 divinos
814 2154 923 2206 honores

128 2229 177 2281 suis
197 2229 365 2295 principibus,
384 2239 427 2278 aut
439 2227 557 2297 heroibus
575 2226 607 2278 'de
623 2243 714 2294 genere
732 2228 838 2278 humano
857 2228 922 2279 bene

128 2302 243 2362 metitis,
266 2304 440 2353 decreverunt.
468 2301 508 2352 sic
527 2302 592 2351 inter
610 2301 719 2368 Superos
742 2301 814 2353 relati
836 2301 923 2351 Satur-

128 2393 193 2434 nus,
216 2375 333 2442 Jupiter,
357 2374 505 2444 Neptunus,
522 2375 669 2436 Hercules,
694 2374 801 2444 aliique,
827 2376 852 2426 bt
875 2378 921 2442 pr‘o

128 2450 274 2503 Numinibus
292 2449 380 2500 deinde
401 2449 476 2500 habiti
494 2449 566 2510 sunt,
590 2449 710 2500 communi
724 2449 846 2537 ‘gentium
869 2466 922 2500 ont-

128 2525 195 2577 nium
211 2523 346 2592 suffragio,
365 2523 489 2590 precipue
507 2521 672 2583 Graecorum,
691 2523 733 2591 qui
754 2522 843 2577 ceteris
865 2520 924 2574 eru·⁴

128 2598 223 2649 ditione
243 2615 271 2648 c
288 2598 405 2665 sapientia
423 2597 533 2664 prestare
555 2586 726 2650 credebantur.

165 2672 286 2723 Ordinem
301 2671 455 2722 nihilominus
473 2672 579 2740 aliquem
597 2670 753 2722 statuebant'
746 2682 810 2723 rnter
826 2652 920 2731 beosa

126 2746 241 2815 quosdam
261 2746 325 2796 euim
343 2745 474 2797 censebant
491 2745 557 2796 omni
573 2746 721 2812 exceptione
742 2745 868 2813 majores,
890 2759 919 2797 ut

127 2820 237 2879 Jovem,
256 2818 394 2883 lunonem,
408 2820 567 2893 Neptunum,
592 2820 643 2871 &c
663 2818 778 2887 quosdam
792 2821 919 2880 minores,

128 2907 156 2945 ut
175 2893 260 2953 Pana,
278 2893 394 2954 Faunos,
408 2884 529 2961 Satyros,
547 2893 693 2962 Nymphas,
711 2894 761 2944 &o
778 2894 919 2945 Nonnullos

128 2969 265 3019 dimidiatos
277 2966 340 3035 quafi
357 2968 446 3027 Deos,
462 2965 510 3018 stre
526 2967 670 3025 semideos,
687 2968 859 3033 appellabant,
876 2966 918 3032 qui

126 3037 263 3092 maternum
279 3041 419 3097 duntaxat,
429 3053 590 3108 paternumtre
608 3057 685 3109 genus
704 3042 733 3091 ab
753 3041 837 3108 aliquo
858 3040 918 3090 Deo

127 3117 268 3173 ducerent,
286 3127 314 3165 ut
333 3112 514 3183 AEsculapium,
533 3114 659 3167 Pollucem
688 3114 713 3167 dt
741 3113 836 3167 fimiles.
861 3114 918 3165 De·

126 3191 200 3257 nique
217 3187 336 3240 heroibus
355 3192 387 3241 ob
403 3206 443 3241 tes
463 3191 580 3258 preclare
597 3190 692 3258 gestas,
709 3189 735 3240 δι
748 3207 832 3257 magna
850 3190 917 3256 qual·

125 3264 207 3317 dam
199 3281 224 3315 rn
242 3262 358 3317 mortales
375 3265 466 3316 collata
484 3262 621 3345 beneficia,
641 3265 751 3388 coelupp
749 3281 778 3314 ac
793 3262 917 3316 Divinita-

743 3336 770 3390 it

1075 3302 1078 3391 t
