2192 3842
220 223 285 296 „2
367 202 635 270 rruuuorx
663 200 731 266 nr
759 200 875 268 n11s

222 314 324 384 Superis
345 315 430 385 dignus
450 313 484 365 est
502 313 588 371 visus,
612 312 654 380 qui
681 325 759 362 ortam
786 312 857 364 iuter
877 312 1022 371 Iunonem,

223 391 373 447 Palladem,
397 389 588 454 &Venerem
612 383 801 437 controverfiatn
823 386 970 439 dirimeret.
990 388 1023 438 la·

224 477 335 516 tererant
355 464 430 530 epulo
456 461 573 529 geniali,
601 459 655 511 edm
679 460 768 511 Thetis
794 458 877 513 Peleo
910 464 1025 514 nuberet.

225 537 355 602 Discordia
376 538 400 587 in
414 536 520 586 medium
538 534 602 600 ierit
617 534 691 584 fatale
711 550 830 602 pomum,
848 552 908 585 cum
927 536 974 586 bae
991 535 1026 585 ir·

227 613 379 679 scriptione,
403 610 484 660 Detur
505 608 647 676 pulchriori.
670 606 736 659 Paris
762 609 857 661 arbiter
884 611 957 659 durae
980 609 1028 659 litis

226 687 355 754 sumptus,
371 700 425 735 erm
442 682 538 737 Veneti
552 681 722 749 adjudicavit,
740 681 766 733 δι
786 681 847 743 libi,
862 682 965 751 suisque
980 682 1027 736 lu·

227 761 299 812 runis
315 777 343 811 at
359 757 481 809 Minetvae
497 756 613 807 conflavit
624 757 690 806 odia.

265 833 366 885 lnterim
389 830 497 882 Priamus
520 842 646 881 certamen
670 828 790 881 ludicrum
814 829 950 881 nobilitati
966 830 1026 882 Tro·

154 944 159 957 2.
223 906 291 977 ,janae
307 905 443 975 preposuit.
461 904 547 955 Adfuit
562 902 629 956 Paris
642 904 721 955 adhuc
736 903 902 973 incognitus,
918 904 949 955 dt
964 917 1027 957 tete

171 994 177 1002 “
228 982 290 1041 tis,
319 979 360 1048 qui
381 977 502 1046 vcougreli'r
523 979 649 1037 fuerant,
673 977 742 1029 viliis
762 1011 770 1038 ,
790 977 870 1045 ipsum
890 978 1028 1031 Hetioren

195 1108 201 1113 ,
225 1055 359 1121 superavit.
380 1051 474 1103 Hestor
493 1086 503 1111 ,
524 1051 577 1102 crim
598 1051 707 1121 pugilem
724 1051 833 1119 ignotum
852 1052 928 1102 ferro
951 1053 1029 1119 petle-

228 1139 365 1195 queretut,
383 1138 411 1177 ut
428 1125 583 1194 ignominiam
603 1125 658 1191 ejus
678 1127 790 1194 sanguine
808 1127 938 1184 elueret,
959 1144 1029 1195 agno»

228 1202 265 1251 vit
278 1201 397 1259 fratrem,
411 1199 545 1267 conspediis
561 1199 635 1251 certis
651 1199 779 1268 insignibus
792 1198 818 1250 δι
832 1199 961 1268 gemmis,
975 1215 1030 1268 quat

229 1273 333 1326 Hecuba
354 1273 465 1341 pallori,
483 1273 537 1340 ejus
556 1273 703 1333 educatori,
720 1273 865 1325 tradiderat.
888 1272 1028 1332 Priamus,

231 1348 336 1398 fatorum
348 1348 492 1409 immemor,
507 1345 585 1398 filium
601 1347 672 1404 laetus
686 1347 854 1416 ampledlitur,
871 1347 899 1400 dt
916 1348 946 1399 in
961 1348 1031 1418 tegi·

230 1436 326 1490 partem
340 1421 441 1488 accipit.

310 1568 380 1621 cn.
393 1565 494 1622 xxiv.
516 1550 673 1620 tuorum
688 1566 801 1620 untur
818 1567 955 1621 cautu.

234 1655 313 1766 Cu
324 1731 348 1766 rr
366 1714 490 1782 Hereules
506 1712 609 1781 Troiam
627 1714 751 1776 vallaret,
766 1715 904 1768 Hedonen
924 1716 1032 1769 Laome·

233 1789 315 1839 donus
331 1788 421 1848 filiam,
444 1788 595 1847 Telamoni,
614 1787 706 1840 Graeco
732 1790 808 1848 duci,
829 1789 970 1859 conjugem
988 1793 1031 1843 de·
1072 1828 1079 1837 .

233 1863 312 1913 derat.
332 1860 522 1929 Metamorphos.
546 1862 602 1913 Lib.
621 1880 656 1914 at.
673 1861 759 1921 Paris,
780 1864 880 1914 amitam
903 1866 972 1916 suam
992 1882 1031 1917 rt·

231 1937 374 2003 petiturus,
402 1935 498 1987 clafl'em
520 1935 646 1995 instruxit,
665 1935 761 1988 Priamo
786 1953 837 1988 nor
861 1938 964 1999 inrito,
990 1940 1030 2005 qui

233 2012 320 2076 opibus
338 2011 365 2062 dt
379 2010 457 2078 glorid
474 2011 592 2078 pollens,
613 2010 753 2061 imminebat
769 2011 794 2065 in
808 2027 911 2062 omnem
928 2013 1029 2081 injuriat

232 2101 246 2135 a
267 2082 362 2136 Gratis
378 2085 454 2135 toties
469 2097 584 2151 acceptas
606 2083 744 2135 vindicandi
767 2084 936 2138 oecasronem.
963 2086 1029 2138 Parit

230 2158 298 2209 tedii
310 2160 419 2224 Spartam
434 2159 576 2216 contendit,
594 2158 625 2208 ad
641 2158 800 2217 Menelaiim,
818 2160 914 2225 Sparte
927 2177 1031 2230 regem,

214 2229 306 2282 'filium
329 2231 424 2291 Atrei,
449 2231 476 2283 dt
496 2230 687 2299 Agamemnonis
706 2233 817 2284 fratrem.
834 2233 963 2300 Exceptus
981 2235 1031 2284 lto·

232 2307 347 2356 manitate
367 2304 473 2364 summi,
493 2305 518 2356 δι
541 2305 607 2355 domi
624 2305 721 2357 relidlur
741 2306 775 2357 est
790 2310 806 2358 a
823 2306 966 2365 Menelao,
986 2306 1029 2359 eui

232 2393 285 2430 erat
299 2379 347 2429 iter
361 2379 385 2429 in
403 2377 503 2429 Cretam
518 2377 684 2429 necessatium.
983 2416 989 2427 .

247 2451 407 2513 X-Helenam,
425 2468 527 2504 uxorem
548 2451 677 2511 Menelai,
697 2453 788 2517 Venus
801 2452 835 2504 ita
857 2450 942 2503 Paridi
966 2470 1028 2505 ton·

230 2526 339 2585 tiliavit,
356 2538 385 2581 ut
402 2532 457 2575 cum
475 2542 507 2577 eo
522 2524 624 2592 Trojam
642 2526 801 2594 profugerit,
823 2528 945 2592 probante
962 2526 1030 2578 Pria·

226 2616 289 2656 mo,
309 2600 349 2665 qui
365 2598 515 2657 llefionem,
534 2600 642 2650 sororem
656 2599 738 2656 luam,
758 2600 791 2649 ita
808 2601 933 2650 redditum
949 2600 979 2650 iri
992 2602 1028 2651 fa·

231 2671 278 2722 cili
297 2671 424 2737 sperabat,
443 2671 461 2723 sr
481 2689 536 2723 tum
555 2673 650 2725 Helena
662 2685 860 2740 permutaretur.
879 2673 976 2724 Contra
998 2691 1029 2726 ae

231 2746 371 2812 speraverat
393 2745 493 2801 accidit.
510 2747 574 2796 Nam
597 2747 679 2799 Graeci
701 2745 833 2797 Hesionem
855 2747 963 2798 reddere
982 2764 1029 2799 ne·

229 2832 318 2890 gatunt
337 2853 344 2878 ,
368 2820 539 2886 Helenamque
556 2819 642 2885 juntiis
659 2821 748 2873 uiribus
773 2821 887 2872 &armis
908 2834 1030 2887 repeten-

231 2907 288 2951 tes,
305 2893 407 2961 Trojam
432 2911 476 2960 per
497 2911 574 2945 annos
592 2894 678 2944 decem
698 2891 831 2951 obsell‘am,
850 2893 905 2944 solo
926 2894 1028 2946 demum

232 2981 367 3035 aequarunt.
398 2967 460 3032 Quo
488 2967 558 3034 padio
585 2967 682 3036 Ulylses
699 2967 758 3026 ,-&
779 2967 890 3018 Achilles
915 2968 948 3017 ad
977 2969 1028 3019 hoe

231 3044 322 3168 pelblum
337 3041 447 3109 perdudii
469 3041 562 3092 luerint
581 3042 683 3109 erponit
698 3039 818 3100 Ouidius,
831 3037 1029 3111 Mttmrplof.

257 3135 265 3165 ι
281 3149 288 3166 .
310 3132 347 3181 ¹3·

268 3188 337 3238 ldem
364 3188 472 3253 explicat
499 3187 704 3255 quemadmodum
731 3187 877 3239 Gratorum
899 3188 1030 3241 exercitos

231 3259 346 3315 Aulidem
363 3260 534 3324 conuenerit,
554 3263 637 3333 ibique
656 3260 738 3315 uentis
759 3259 864 3314 adversis
885 3262 972 3314 tand'ui
989 3279 1031 3316 te·
