2192 3842
206 173 268 249 446
338 119 619 240 >ΑΡΡΙΞΝῺΙΧ
649 168 713 234 DE
740 165 848 235 DIIS

206 279 347 351 Phryrus,
380 283 533 334 Athamantis
561 279 626 332 filius
648 314 656 340 ‚
688 297 821 332 novercam
852 238 995 346 Nephele:

207 355 330 424 fugiens,
349 358 506 424 asportavit,
535 357 561 407 δι
580 357 611 406 ad
629 353 739 407 Colchos
757 356 868 405 delatum
888 353 1000 404 immola·

206 430 243 479 vit
259 429 339 484 Joviz
358 449 459 483 aureum
476 445 559 481 autem
576 430 656 480 vellus
675 429 743 480 dedit
763 426 846 479 AEetae
864 429 920 496 regi
938 427 1002 478 Coi·

195 503 310 557 ¹chorum
329 539 339 563 ,
364 524 378 556 a
401 523 451 573 quo
469 505 601 573 repofitum
617 504 643 553 in
660 505 718 555 luco
741 502 818 554 Marti
836 501 907 552 sacro
924 501 1001 558 fuit,

207 578 320 637 additis,
342 579 454 631 custodiar
476 579 572 638 causi,
590 578 665 629 tauris
683 578 764 646 ignem
781 575 948 643 spirantibus,
971 574 999 627 dt

207 653 320 722 pervigili
349 654 466 706 dracone.
498 653 573 703 Hunc
601 653 741 702 thesaurum
768 651 866 717 eripere
896 647 1000 701 Colchis

206 722 282 777 Jason
304 727 415 779 decrevit
436 762 444 787 ,
470 726 533 778 filius
552 724 649 778 AEsonis
672 724 800 777 Thessaliae
821 724 890 792 regis
913 756 922 782 ,
943 723 1000 774 hor·

207 810 278 851 tante
294 813 383 868 patruo
401 800 494 862 Pelia,
516 801 580 869 qui,
604 800 684 851 fratris
701 799 768 850 senio
788 798 897 849 consesti
918 800 1000 856 loco,

207 888 309 942 regnum
329 875 490 928 administrans
511 908 519 935 ,
545 876 626 925 donec
652 874 676 924 ei
695 873 804 942 regendo
825 889 871 940 per
899 884 999 922 aetatem

207 945 280 1000 Jason
305 966 348 1016 par
370 949 435 1001 soret
454 982 464 1006 ,
491 964 546 1000 eum
566 948 590 998 in
614 946 655 997 isla
680 947 837 1015 expeditione
860 946 1002 1013 periturum

207 1020 328 1087 sperabat.
349 1022 421 1076 Jason
451 1029 545 1074 vocatis
571 1022 594 1072 in
618 1022 748 1089 periculi,
768 1022 794 1073 dt
813 1021 902 1090 gloriae
921 1019 1004 1071 socie·

207 1107 284 1146 tatem
305 1097 406 1147 ducibus
426 1094 704 1154 Graeciaesortilstmis,
727 1095 857 1153 Hercule,
878 1094 1003 1153 Theseo,

208 1166 330 1229 Castore,
351 1169 472 1229 Polluce,
492 1170 616 1237 Orpheo,
636 1168 740 1239 Lynceo
753 1204 762 1231 ,
773 1169 875 1238 Typhi,
892 1168 945 1218 dre.
961 1184 1003 1217 na·

205 1243 256 1292 vim
273 1242 342 1312 Argo
358 1244 505 1303 fabricavit,
525 1243 633 1295 trabibus
651 1260 666 1294 e
683 1242 753 1295 Pelio
770 1255 855 1294 monte
873 1242 1000 1309 sumptis,

206 1314 277 1378 five,
297 1332 326 1369 ut
345 1318 387 1368 alii
407 1317 524 1378 tradunt,
545 1334 560 1367 e
578 1317 710 1368 Dodonaea
728 1317 785 1370 silva
802 1351 810 1378 ,
832 1314 904 1383 cujus
925 1317 1001 1366 arbo·

206 1407 271 1448 tes,
295 1409 359 1443 voce
377 1391 510 1458 praeditae,
535 1392 641 1442 edebant
662 1388 770 1443 oracula.
790 1391 886 1461 Typhis
903 1390 1000 1440 clavum

205 1466 329 1535 regebat:
350 1465 485 1536 Lynceus,
508 1465 589 1516 oculis
607 1464 742 1517 acutillimis
761 1466 872 1524 valens,
891 1463 998 1522 brevia,

206 1538 233 1590 bt
253 1538 365 1608 scopulos
382 1534 534 1608 detegebat:
555 1539 672 1606 Orpheus
693 1538 855 1608 navigationis
870 1538 945 1589 taedia
966 1539 999 1588 le·

205 1614 280 1666 rabat
299 1627 372 1667 cantu
393 1630 401 1667 t
428 1614 506 1669 ceteri
525 1614 638 1686 heroe's,
662 1614 703 1681 qui
721 1611 798 1682 vulgi>
818 1610 934 1664 dicuntur
954 1611 1001 1662 Ar·

206 1698 348 1755 gonautae,
378 1705 460 1740 remos
487 1687 619 1758 agitabant.
647 1686 720 1738 Solus
749 1688 872 1739 Hercules
903 1686 999 1736 cursum

207 1777 339 1827 parumper
361 1763 499 1814 retardabat
519 1795 527 1822 ,
550 1773 602 1812 tum
621 1760 675 1830 quia
692 1756 804 1829 pondete'
823 1761 937 1828 corporis
958 1760 1000 1810 de·

205 1833 325 1903 primebat
347 1837 427 1886 navim
449 1870 457 1896 ,
483 1845 535 1887 tum
554 1836 610 1903 quia
629 1836 755 1905 ingentem
772 1835 922 1888 stomachum
941 1832 999 1884 nulli

205 1907 261 1960 satis
285 1909 418 1977 implebant
445 1910 518 1971 cibi3
546 1911 650 1978 ctimque
674 1927 797 1970 omnem,
821 1924 875 1978 quae
897 1904 999 1959 ¹condita

206 1983 232 2033 in
257 1984 324 2034 cadis
346 1984 497 2044 ferebatur,
519 2001 605 2050 aquam
631 1983 767 2044 hausisset,
795 1983 856 2035 misit
882 1982 997 2050 Hylam,

205 2057 387 2110 adolescentem
408 2059 449 2110 sibi
471 2075 583 2117 catum,
609 2059 639 2108 ad
658 2059 810 2125 petendas'e
828 2059 912 2127 vicino
927 2057 997 2107 sonte
1082 2118 1083 2129 γ

205 2133 324 2201 lymphas.
349 2132 440 2201 Lapsus
457 2132 591 2182 insontem
608 2131 705 2200 Hylas,
723 2131 769 2182 five
784 2149 799 2181 a
813 2131 954 2200 Nymphis,
971 2141 997 2180 ut

205 2207 287 2273 poetis
305 2208 387 2273 placet
403 2241 411 2269 ,
430 2217 532 2271 raptus,
547 2208 559 2275 (
575 2206 628 2256 sunt
646 2206 695 2257 illae
712 2206 816 2256 sontium
834 2202 924 2270 Deae)
943 2201 998 2254 cirm

205 2296 257 2331 non
279 2282 395 2341 rediret,
416 2280 540 2331 exscendit
560 2279 682 2331 Hercules
707 2296 762 2331 eum
786 2279 946 2348 quaefiturus,
968 2294 997 2328 ac

206 2354 274 2406 socio
292 2354 394 2406 molesto
413 2355 524 2406 vehores
541 2353 664 2406 liberavit.

224 2477 227 2483 .
243 2429 319 2480 Navis
334 2431 383 2481 hoc
402 2445 478 2480 onere
494 2429 593 2487 levata,
607 2440 690 2495 petras
707 2425 842 2496 Cyaneas,
857 2446 912 2496 que
924 2430 996 2500 Sym·

205 2504 322 2573 plegades
343 2517 481 2563 vocantur,
500 2503 660 2569 praeteruesia
675 2537 682 2561 ,
698 2502 860 2572 Metamorpl.
881 2503 937 2555 Lib.
960 2524 998 2571 7,

207 2578 231 2627 ὁ
250 2594 303 2642 ry,
327 2578 352 2629 ἃ
371 2577 476 2629 Pontum
493 2577 612 2628 Euxinum
629 2578 734 2629 feliciter
751 2578 869 2638 emensa,
894 2579 997 2631 Colchi·
1080 2630 1081 2655 ,

206 2650 261 2699 clem
286 2651 377 2719 attigit.
401 2651 476 2702 iason
502 2668 604 2703 aureum
622 2653 699 2703 velius
724 2649 839 2712 absiulit,
862 2651 998 2721 adjurante

204 2722 316 2784 Medei,
334 2724 493 2793 Metamorph.
510 2725 565 2775 Lib.
586 2745 619 2791 7,
633 2744 687 2793 quae
703 2729 749 2775 unl
767 2742 823 2777 cum
837 2726 882 2777 illo
898 2728 998 2797 fugiens

204 2798 230 2849 in
248 2797 391 2850 Thessaliam
413 2833 420 2859 ,
447 2812 475 2850 ut
494 2813 588 2866 patrem
607 2798 705 2850 AEetam
725 2799 913 2866 persequentem
939 2820 996 2853 mo·

205 2886 329 2933 raretur,
360 2874 488 2943 Absyrtum
509 2874 608 2926 fratrem
625 2874 774 2930 interfecit,
796 2873 897 2941 ejusque
920 2894 997 2927 mem·

206 2950 268 3008 bra,
286 2951 332 3014 qui
349 2963 417 3016 pater
436 2948 554 3005 instabat,
573 2947 688 3014 dissipavit
699 2966 707 3008 3
720 2964 773 3014 quae
794 2949 916 3017 colligens
931 2948 996 3001 AEe·

206 3034 258 3082 ta,
279 3022 313 3072 illi
333 3022 432 3090 spatium
451 3023 559 3090 fngiendi
576 3024 651 3073 dedit.
673 3024 708 3075 Ut
724 3022 816 3073 Medea
834 3025 904 3074 venit
926 3023 994 3076 Jaso·

207 3094 243 3148 nis
266 3095 388 3156 domum,
413 3093 600 3163 AEsonemejus
624 3110 743 3164 patrem,
767 3095 834 3147 aruris
855 3097 881 3148 δι
903 3098 999 3150 morbis

207 3186 331 3238 gravem,
357 3172 381 3221 in
409 3168 531 3236 pristinum
558 3172 633 3222 robur
651 3188 682 3222 ac
699 3170 853 3239 juventutem
869 3184 924 3221 arte
947 3189 1001 3227 tna·

205 3241 261 3312 gisi
277 3243 391 3299 restituit.
405 3244 567 3314 Metamorpst.
583 3244 638 3299 tab.
657 3261 685 3313 p.
704 3244 740 3297 At
755 3243 865 3306 Peliam,
883 3245 1005 3316 deceptis
