2192 3842
224 182 564 250 aauaaomus
589 180 829 251 aoaarcrs.
870 206 930 276 443

137 300 197 339 num
207 323 216 346 ‚
228 291 343 352 tinslam,
363 294 488 360 Dejanirae
506 295 592 353 dedit,
609 292 747 351 affirmans,
759 292 777 352 fi
794 310 847 344 eam
864 295 932 346 Her·

138 365 208 414 cules
227 365 361 426 indueret,
379 369 511 427 futurum,
534 382 561 419 ut
584 385 711 435 numquam
734 368 802 417 aliam
827 368 930 422 amaretss

137 435 300 509 Metamorph.
331 441 386 496 Lib.
419 462 443 507 9.
471 442 590 508 Dejanira
618 444 708 493 veliem
735 441 877 492 sacrificanti
905 447 930 497 in

136 511 207 563 Oeta
228 528 312 566 monte
332 516 435 569 Herculi
454 518 524 568 misae.
543 518 595 571 Vix
612 516 746 575 induerat,
767 514 820 567 cbn
839 518 929 569 intesti-

135 601 172 636 no
189 600 318 657 correptus
336 593 414 659 igne,
436 593 461 642 in
479 608 563 659 pyram
584 591 608 641 se
630 591 759 658 conjecit,
775 592 852 658 eique
867 607 929 642 con·

134 658 256 732 flagrauit.
268 664 430 733 Metamorph.
444 665 499 716 Lib.
513 683 538 728 9.
553 668 633 715 Antea
646 678 728 715 tamen
746 665 841 732 sagittas
856 666 926 726 suas,

134 732 230 802 Hydrae
251 738 360 790 Lernaeae
378 742 492 808 sanguine
512 741 635 799 imbutas,
655 738 704 791 stne
723 740 808 806 quibus
826 739 928 806 Trojam

135 810 191 874 capi
207 828 256 860 non
270 811 336 879 posse
351 814 374 862 in
390 814 446 865 satis
463 826 535 872 erat,
553 814 653 863 donavit
667 813 825 871 Philosletae,
842 812 927 864 Paean·

134 881 169 932 tis
194 881 254 935 filio.
275 885 425 938 Philosletes
452 889 506 938 illas
528 887 630 955 Trojam
655 889 762 945 attulit,
788 889 817 937 ab
842 888 925 957 Ulysse
1000 898 1003 903 ’

132 957 276 1022 perduslus.
294 960 456 1031 Metamorph.
475 960 531 1013 Lib.
550 977 589 1029 ις.
605 959 714 1013 Censent
729 962 817 1011 eruditi
830 974 870 1012 tot
885 978 926 1014 res

131 1032 253 1097 praeclare
278 1035 362 1102 gestas.
377 1053 528 1104 nequaquam
552 1036 600 1086 elie
627 1038 697 1088 unius
719 1036 861 1096 Herculis,
882 1038 924 1088 sed

34 1112 37 1115 “
124 1106 291 1169 multorum,
320 1110 361 1177 qui
381 1112 468 1162 eodem
489 1111 611 1169 nomine,
638 1126 687 1162 non
708 1112 796 1160 eodem
816 1111 874 1160 loco
895 1128 924 1163 ac

131 1189 265 1247 tempore,
286 1182 411 1235 vixerint:
433 1202 462 1235 ac
486 1186 548 1235 dnos
565 1183 696 1251 praesertim
711 1186 816 1234 statuunt
831 1218 838 1242 ,
860 1184 924 1236 alte·

132 1268 186 1304 tom
211 1255 356 1325 Libycum,
386 1259 427 1308 cui
451 1257 589 1308 adscribunt
608 1274 711 1325 pugnam
731 1275 785 1307 cum
807 1258 922 1319 Antaeo,

132 1342 189 1377 cum
208 1328 348 1398 Geryone,
369 1346 423 1382 cum
441 1333 547 1382 dracone
562 1330 703 1396 Hesperio,
721 1331 841 1381 diduslam
860 1332 924 1382 Afri·
946 1336 948 1347 '

132 1416 186 1451 cam
204 1407 234 1453 ab
256 1404 395 1470 Hispania,
422 1406 521 1456 immisso
540 1406 606 1456 freto
627 1404 771 1464 Gaditano;
791 1407 817 1456 dt
838 1405 853 1455 sr
875 1423 923 1472 <prta

116 1475 186 1529 ,sunt
200 1478 245 1528 alia
262 1478 326 1547 gesta
340 1496 385 1547 per
398 1479 507 1530 Asticam
524 1479 550 1528 dt
564 1478 720 1544 Hispaniam:
737 1479 839 1529 alterum
856 1480 923 1530 The·

130 1550 244 1611 banum,
272 1554 311 1603 cui
329 1556 422 1621 reliqua
443 1554 551 1603 sacinora
572 1554 683 1604 tribuunt
702 1570 747 1620 per
767 1552 921 1612 Arcadiam,

130 1621 347 1692 Peloponnesum,
365 1629 391 1680 dt
408 1627 557 1697 Phrygiam,
578 1626 665 1693 sparsa.

186 1799 191 1818 ff,
268 1743 456 1798 cmxvi.
495 1738 781 1793 rausum.

127 1790 204 1905 Tar
215 1861 231 1899 a
241 1862 252 1899 s
262 1861 280 1898 ε
288 1863 328 1900 us
340 1883 348 1911 ,
362 1847 454 1919 AEgei,
469 1849 538 1917 regis
549 1846 730 1899 Atheniensium
743 1856 756 1904 ‚¹
765 1844 829 1897 filius
836 1879 845 1903 ,
857 1845 921 1898 Her·

130 1922 347 1992 eulipropinquus
365 1937 498 1990 tempore,
515 1925 542 1976 ὅ(
559 1921 767 1991 consanguinitate
787 1920 843 1972 suit.
861 1921 922 1987 Ejus

130 1998 252 2051 fortitudo
266 1996 344 2049 eluxit
359 1997 490 2065 praesertim
506 1997 531 2046 in
547 1995 674 2046 domandis
691 1995 819 2063 tyrannis,
833 2011 862 2045 ae
878 1995 925 2065 ‹ly-²

131 2074 222 2133 nanis,
238 2070 280 2139 qui
295 2073 430 2138 potentiam
449 2073 513 2122 suam
529 2070 647 2121 vexandis
663 2067 819 2126 hominibus,
835 2068 861 2119 δι
877 2087 923 2135 pu.

131 2147 196 2200 blici
213 2147 377 2208 infelicitate,
394 2145 566 2196 metiebantur.
579 2142 741 2209 Metamorph.
756 2139 812 2192 Lib.
827 2158 852 2206 7.
870 2141 922 2194 Ta.

131 2224 162 2274 lis
177 2234 230 2273 erat
247 2220 353 2280 Sciron,
370 2220 411 2288 qui
422 2222 601 2288 pretereuntes
616 2217 641 2268 in
656 2229 721 2267 mare
737 2214 921 2283 praecipitabat:
969 2266 972 2272 ,

130 2296 187 2348 talis
206 2292 350 2355 Procusies,
372 2295 414 2363 qui
429 2293 537 2360 hospites
559 2292 584 2343 in
601 2293 644 2343 suo
664 2289 734 2357 ipsius
749 2288 813 2340 lesbo
832 2290 926 2349 sierne·=

132 2373 193 2428 bat,
214 2369 290 2437 iisque
307 2369 396 2436 pedum
416 2382 529 2437 partem,
547 2383 602 2434 quae
620 2364 718 2416 modurn
734 2363 790 2414 lesbi
813 2364 925 2415 excede·'

132 2444 197 2504 ret,
224 2445 363 2511 amputabat
382 2460 392 2503 3
412 2455 453 2494 aut
474 2442 531 2493 aslis
556 2441 581 2491 in
599 2438 693 2490 diversa
717 2437 801 2505 equis,
820 2438 922 2490 miseros

133 2517 289 2570 distrahebat.
315 2516 366 2569 stis
387 2551 396 2578 ,
422 2516 521 2585 aliisque
539 2515 564 2565 id
583 2530 687 2585 genus,
712 2511 846 2580 profligatis
863 2547 871 2571 ,
890 2514 922 2564 ad

133 2592 238 2645 monstra
266 2609 365 2660 quoque
391 2591 535 2644 debellanda
560 2605 630 2640 curas
655 2587 808 2654 animumque
834 2588 920 2639 vertit.

133 2666 194 2719 Tria
215 2665 337 2733 praecipue
358 2665 470 2716 sustulit:
492 2663 600 2713 Taurum
620 2662 774 2719 immanem,
805 2662 845 2728 qui
863 2660 922 2711 Ma·

134 2741 274 2794 ratbonium
287 2757 370 2808 agrum
384 2739 449 2790 foedi
465 2738 624 2807 populatione
643 2735 809 2786 deformabat:
826 2735 922 2802 Aprum

136 2815 317 2884 Calydonium,
334 2816 363 2865 ab
378 2815 439 2864 irata
452 2813 533 2863 Diana
547 2809 671 2861 immissum
680 2810 704 2859 in
718 2806 851 2867 AEtoliam,
867 2808 923 2858 Me·

135 2884 278 2957 eumorphos.
300 2888 355 2940 Lib.
376 2889 391 2938 8
406 2921 413 2945 ,
433 2888 459 2939 dt
475 2887 662 2943 Minotaurum,
680 2881 809 2932 monstrum
826 2894 858 2931 ex
874 2875 924 2933 hob

137 2965 201 3015 mine
230 2974 351 3029 tauroque
381 2960 511 3012 conflatum
532 2978 541 3018 ;
572 2960 615 3010 cui'
639 2956 793 3009 devorandos
823 2954 923 3006 mittere

137 3036 266 3106 quotannis
281 3037 373 3103 septem
387 3051 477 3102 pueros
491 3035 555 3086 sorte
570 3033 665 3091 lestos,
680 3030 830 3098 cogebantur
843 3030 925 3080 Athe·

137 3109 257 3163 aienses:
284 3110 330 3161 hic
355 3127 398 3161 eos
418 3109 490 3178 poeni
515 3108 593 3160 viator
612 3100 696 3160 Minos
717 3139 726 3164 ,
751 3119 794 3153 rex
814 3103 897 3153 Cretae
918 3139 927 3162 ,

139 3184 208 3251 cnjus
226 3182 300 3233 filium
317 3172 475 3256 Androgeum
491 3183 682 3242 intersecerant,
702 3178 858 3230 multaverat.
871 3176 929 3229 Mei

137 3259 254 3328 ramorpb.
273 3256 329 3312 Lib.
343 3257 372 3312 8.
714 3250 738 3303 Τ
757 3266 785 3320 V}
