<?xml version="1.0" encoding="UTF-8"?>
<!DOCTYPE html PUBLIC "-//W3C//DTD XHTML 1.0 Transitional//EN"
    "http://www.w3.org/TR/xhtml1/DTD/xhtml1-transitional.dtd">
<html xmlns="http://www.w3.org/1999/xhtml" xml:lang="en" lang="en">
 <head>
  <title>
</title>
<meta http-equiv="Content-Type" content="text/html;charset=utf-8" />
  <meta name='ocr-system' content='tesseract 3.04.00' />
  <meta name='ocr-capabilities' content='ocr_page ocr_carea ocr_par ocr_line ocrx_word'/>
</head>
<body>
  <div class='ocr_page' id='page_1' title='image "./deciijunijuvena00jouvgoog_0497.png"; bbox 0 0 2192 3842; ppageno 0'>
   <div class='ocr_carea' id='block_1_1' title="bbox 158 190 876 326">
    <p class='ocr_par' dir='ltr' id='par_1_1' title="bbox 158 190 876 326">
     <span class='ocr_line' id='line_1_1' title="bbox 158 190 876 326; baseline 0.007 -23"><span class='ocrx_word' id='word_1_1' title='bbox 158 238 232 303; x_wconf 70' lang='grc' dir='ltr'>ΕΤ</span> <span class='ocrx_word' id='word_1_2' title='bbox 252 190 507 304; x_wconf 77' lang='lat' dir='ltr'>nanninus</span> <span class='ocrx_word' id='word_1_3' title='bbox 528 239 776 307; x_wconf 75' lang='lat' dir='ltr'>tormen.</span> <span class='ocrx_word' id='word_1_4' title='bbox 817 264 876 326; x_wconf 74' lang='lat'>„1</span> 
     </span>
    </p>
   </div>
   <div class='ocr_carea' id='block_1_2' title="bbox 61 346 928 1237">
    <p class='ocr_par' dir='ltr' id='par_1_2' title="bbox 61 346 928 1237">
     <span class='ocr_line' id='line_1_2' title="bbox 61 346 879 420; baseline 0.004 -20"><span class='ocrx_word' id='word_1_5' title='bbox 61 347 129 402; x_wconf 79' lang='lat' dir='ltr'>dit:</span> <span class='ocrx_word' id='word_1_6' title='bbox 152 347 254 399; x_wconf 83' lang='lat' dir='ltr'>felixsi</span> <span class='ocrx_word' id='word_1_7' title='bbox 272 349 408 399; x_wconf 80' lang='lat' dir='ltr'>concordes</span> <span class='ocrx_word' id='word_1_8' title='bbox 419 349 510 398; x_wconf 86' lang='lat' dir='ltr'>habete</span> <span class='ocrx_word' id='word_1_9' title='bbox 522 346 604 405; x_wconf 84' lang='lat' dir='ltr'>filios,</span> <span class='ocrx_word' id='word_1_10' title='bbox 624 349 726 400; x_wconf 78' lang='lat' dir='ltr'>Atreum</span> <span class='ocrx_word' id='word_1_11' title='bbox 745 351 769 402; x_wconf 77' lang='lat' dir='ltr'>dc</span> <span class='ocrx_word' id='word_1_12' title='bbox 784 351 879 420; x_wconf 79' lang='lat' dir='ltr'>Thyes·</span> 
     </span>
     <span class='ocr_line' id='line_1_3' title="bbox 61 422 880 491; baseline 0.004 -17"><span class='ocrx_word' id='word_1_13' title='bbox 61 436 148 480; x_wconf 85' lang='lat' dir='ltr'>rem,</span> <span class='ocrx_word' id='word_1_14' title='bbox 166 422 288 491; x_wconf 84' lang='lat' dir='ltr'>potuisset</span> <span class='ocrx_word' id='word_1_15' title='bbox 306 422 313 472; x_wconf 86' lang='lat' dir='ltr'>l</span> <span class='ocrx_word' id='word_1_16' title='bbox 334 422 379 473; x_wconf 75' lang='lat' dir='ltr'>set</span> <span class='ocrx_word' id='word_1_17' title='bbox 400 422 501 473; x_wconf 82' lang='lat' dir='ltr'>fratrum</span> <span class='ocrx_word' id='word_1_18' title='bbox 523 422 642 473; x_wconf 70' lang='lat' dir='ltr'>discordia</span> <span class='ocrx_word' id='word_1_19' title='bbox 661 424 729 476; x_wconf 86' lang='lat' dir='ltr'>tantd</span> <span class='ocrx_word' id='word_1_20' title='bbox 751 425 813 474; x_wconf 89' lang='lat' dir='ltr'>solet</span> <span class='ocrx_word' id='word_1_21' title='bbox 830 425 880 477; x_wconf 83' lang='lat' dir='ltr'>esse</span> 
     </span>
     <span class='ocr_line' id='line_1_4' title="bbox 61 494 882 567; baseline 0.004 -20"><span class='ocrx_word' id='word_1_22' title='bbox 61 497 180 565; x_wconf 87' lang='lat' dir='ltr'>gravior</span> <span class='ocrx_word' id='word_1_23' title='bbox 193 533 204 555; x_wconf 89' lang='lat'>,</span> <span class='ocrx_word' id='word_1_24' title='bbox 224 494 314 564; x_wconf 71' lang='lat' dir='ltr'>quanti)</span> <span class='ocrx_word' id='word_1_25' title='bbox 331 495 433 547; x_wconf 77' lang='lat' dir='ltr'>sanslior</span> <span class='ocrx_word' id='word_1_26' title='bbox 453 495 558 547; x_wconf 85' lang='lat' dir='ltr'>amicitia</span> <span class='ocrx_word' id='word_1_27' title='bbox 584 496 631 549; x_wconf 85' lang='lat' dir='ltr'>esse</span> <span class='ocrx_word' id='word_1_28' title='bbox 653 498 738 551; x_wconf 80' lang='lat' dir='ltr'>debet.</span> <span class='ocrx_word' id='word_1_29' title='bbox 758 499 882 567; x_wconf 82' lang='lat' dir='ltr'>Thyestes</span> 
     </span>
     <span class='ocr_line' id='line_1_5' title="bbox 63 566 879 639; baseline 0.004 -17"><span class='ocrx_word' id='word_1_30' title='bbox 63 589 186 624; x_wconf 74' lang='lat' dir='ltr'>uxorem</span> <span class='ocrx_word' id='word_1_31' title='bbox 210 566 293 622; x_wconf 80' lang='lat' dir='ltr'>fratris</span> <span class='ocrx_word' id='word_1_32' title='bbox 307 571 461 623; x_wconf 74' lang='lat' dir='ltr'>temeravit:</span> <span class='ocrx_word' id='word_1_33' title='bbox 484 570 575 621; x_wconf 80' lang='lat' dir='ltr'>Atreus</span> <span class='ocrx_word' id='word_1_34' title='bbox 597 571 710 639; x_wconf 82' lang='lat' dir='ltr'>Thyestae</span> <span class='ocrx_word' id='word_1_35' title='bbox 740 571 824 633; x_wconf 80' lang='lat' dir='ltr'>filios,</span> <span class='ocrx_word' id='word_1_36' title='bbox 841 574 879 625; x_wconf 89' lang='lat' dir='ltr'>in·</span> 
     </span>
     <span class='ocr_line' id='line_1_6' title="bbox 62 644 879 713; baseline 0.002 -16"><span class='ocrx_word' id='word_1_37' title='bbox 62 646 123 697; x_wconf 81' lang='lat' dir='ltr'>fcio</span> <span class='ocrx_word' id='word_1_38' title='bbox 150 657 230 713; x_wconf 88' lang='lat' dir='ltr'>patre</span> <span class='ocrx_word' id='word_1_39' title='bbox 254 644 416 704; x_wconf 70' lang='lat' dir='ltr'>intersekios,</span> <span class='ocrx_word' id='word_1_40' title='bbox 438 645 519 695; x_wconf 87' lang='lat' dir='ltr'>eidem</span> <span class='ocrx_word' id='word_1_41' title='bbox 540 646 676 712; x_wconf 84' lang='lat' dir='ltr'>epulandos</span> <span class='ocrx_word' id='word_1_42' title='bbox 697 648 810 712; x_wconf 81' lang='lat' dir='ltr'>praebuit.</span> <span class='ocrx_word' id='word_1_43' title='bbox 831 648 879 699; x_wconf 84' lang='lat' dir='ltr'>Su·</span> 
     </span>
     <span class='ocr_line' id='line_1_7' title="bbox 62 718 881 791; baseline 0.001 -20"><span class='ocrx_word' id='word_1_44' title='bbox 62 733 183 791; x_wconf 85' lang='lat' dir='ltr'>peterat</span> <span class='ocrx_word' id='word_1_45' title='bbox 209 719 323 789; x_wconf 74' lang='lat' dir='ltr'>Thyestae</span> <span class='ocrx_word' id='word_1_46' title='bbox 345 718 408 769; x_wconf 86' lang='lat' dir='ltr'>filius</span> <span class='ocrx_word' id='word_1_47' title='bbox 432 720 547 779; x_wconf 87' lang='lat' dir='ltr'>nothus,</span> <span class='ocrx_word' id='word_1_48' title='bbox 571 718 612 786; x_wconf 93' lang='lat' dir='ltr'>qui</span> <span class='ocrx_word' id='word_1_49' title='bbox 637 718 717 786; x_wconf 86' lang='lat' dir='ltr'>perire</span> <span class='ocrx_word' id='word_1_50' title='bbox 736 721 821 772; x_wconf 78' lang='lat' dir='ltr'>‘statim</span> <span class='ocrx_word' id='word_1_51' title='bbox 848 723 881 772; x_wconf 86' lang='lat' dir='ltr'>ab</span> 
     </span>
     <span class='ocr_line' id='line_1_8' title="bbox 65 792 881 862; baseline 0 -16"><span class='ocrx_word' id='word_1_52' title='bbox 65 807 134 847; x_wconf 88' lang='lat' dir='ltr'>ortu</span> <span class='ocrx_word' id='word_1_53' title='bbox 155 792 257 862; x_wconf 86' lang='lat' dir='ltr'>jussus,</span> <span class='ocrx_word' id='word_1_54' title='bbox 276 811 290 843; x_wconf 87' lang='lat' dir='ltr'>a</span> <span class='ocrx_word' id='word_1_55' title='bbox 310 792 443 859; x_wconf 81' lang='lat' dir='ltr'>palloribus</span> <span class='ocrx_word' id='word_1_56' title='bbox 463 807 545 844; x_wconf 89' lang='lat' dir='ltr'>tamen</span> <span class='ocrx_word' id='word_1_57' title='bbox 567 792 693 851; x_wconf 82' lang='lat' dir='ltr'>servatus,</span> <span class='ocrx_word' id='word_1_58' title='bbox 713 795 740 845; x_wconf 77' lang='grc' dir='ltr'>δι</span> <span class='ocrx_word' id='word_1_59' title='bbox 756 796 820 845; x_wconf 73' lang='lat' dir='ltr'>laste</span> <span class='ocrx_word' id='word_1_60' title='bbox 838 812 881 846; x_wconf 87' lang='lat' dir='ltr'>ca·</span> 
     </span>
     <span class='ocr_line' id='line_1_9' title="bbox 64 865 928 937; baseline 0.001 -18"><span class='ocrx_word' id='word_1_61' title='bbox 64 868 150 937; x_wconf 84' lang='lat' dir='ltr'>prino</span> <span class='ocrx_word' id='word_1_62' title='bbox 172 868 283 919; x_wconf 79' lang='lat' dir='ltr'>nutritus</span> <span class='ocrx_word' id='word_1_63' title='bbox 299 867 397 924; x_wconf 83' lang='lat' dir='ltr'>fuerat,</span> <span class='ocrx_word' id='word_1_64' title='bbox 414 868 478 918; x_wconf 87' lang='lat' dir='ltr'>unde</span> <span class='ocrx_word' id='word_1_65' title='bbox 494 868 530 918; x_wconf 89' lang='lat' dir='ltr'>illi</span> <span class='ocrx_word' id='word_1_66' title='bbox 548 884 637 918; x_wconf 89' lang='lat' dir='ltr'>nornen</span> <span class='ocrx_word' id='word_1_67' title='bbox 648 865 770 936; x_wconf 83' lang='lat' dir='ltr'>AEgislbus</span> <span class='ocrx_word' id='word_1_68' title='bbox 782 869 880 921; x_wconf 60' lang='lat' dir='ltr'>fabium.</span> <span class='ocrx_word' id='word_1_69' title='bbox 925 923 928 928; x_wconf 71' lang='grc'><strong>,</strong></span> 
     </span>
     <span class='ocr_line' id='line_1_10' title="bbox 65 941 881 1012; baseline 0 -18"><span class='ocrx_word' id='word_1_70' title='bbox 65 941 124 995; x_wconf 82' lang='lat' dir='ltr'>Hic</span> <span class='ocrx_word' id='word_1_71' title='bbox 143 941 257 994; x_wconf 81' lang='lat' dir='ltr'>Atreum</span> <span class='ocrx_word' id='word_1_72' title='bbox 273 941 429 993; x_wconf 84' lang='lat' dir='ltr'>obtruncavit</span> <span class='ocrx_word' id='word_1_73' title='bbox 441 958 449 992; x_wconf 76' lang='lat' dir='ltr'>r</span> <span class='ocrx_word' id='word_1_74' title='bbox 460 943 688 1012; x_wconf 80' lang='lat' dir='ltr'>Agamemnonem,</span> <span class='ocrx_word' id='word_1_75' title='bbox 702 943 773 994; x_wconf 90' lang='lat' dir='ltr'>Atrei</span> <span class='ocrx_word' id='word_1_76' title='bbox 785 943 881 1004; x_wconf 87' lang='lat' dir='ltr'>filium,</span> 
     </span>
     <span class='ocr_line' id='line_1_11' title="bbox 67 1014 880 1084; baseline 0 -15"><span class='ocrx_word' id='word_1_77' title='bbox 67 1034 87 1069; x_wconf 80' lang='lat' dir='ltr'>e</span> <span class='ocrx_word' id='word_1_78' title='bbox 115 1016 240 1084; x_wconf 79' lang='lat' dir='ltr'>Trojano</span> <span class='ocrx_word' id='word_1_79' title='bbox 267 1016 390 1067; x_wconf 82' lang='lat' dir='ltr'>reversum</span> <span class='ocrx_word' id='word_1_80' title='bbox 411 1017 479 1068; x_wconf 85' lang='lat' dir='ltr'>bello</span> <span class='ocrx_word' id='word_1_81' title='bbox 504 1015 618 1076; x_wconf 83' lang='lat' dir='ltr'>sustulit,</span> <span class='ocrx_word' id='word_1_82' title='bbox 642 1014 739 1067; x_wconf 75' lang='lat' dir='ltr'>conscii</span> <span class='ocrx_word' id='word_1_83' title='bbox 764 1019 790 1068; x_wconf 83' lang='grc' dir='ltr'>δι</span> <span class='ocrx_word' id='word_1_84' title='bbox 811 1016 880 1084; x_wconf 86' lang='lat' dir='ltr'>adju·</span> 
     </span>
     <span class='ocr_line' id='line_1_12' title="bbox 67 1089 880 1160; baseline 0.001 -18"><span class='ocrx_word' id='word_1_85' title='bbox 67 1104 178 1150; x_wconf 79' lang='lat' dir='ltr'>vante„</span> <span class='ocrx_word' id='word_1_86' title='bbox 203 1107 275 1158; x_wconf 86' lang='lat' dir='ltr'>quam</span> <span class='ocrx_word' id='word_1_87' title='bbox 293 1089 336 1141; x_wconf 83' lang='lat' dir='ltr'>fibi</span> <span class='ocrx_word' id='word_1_88' title='bbox 354 1089 416 1142; x_wconf 70' lang='lat' dir='ltr'>male</span> <span class='ocrx_word' id='word_1_89' title='bbox 435 1092 599 1151; x_wconf 87' lang='lat' dir='ltr'>devinxerat,</span> <span class='ocrx_word' id='word_1_90' title='bbox 611 1090 880 1160; x_wconf 75' lang='lat' dir='ltr'>Clytemnestrd,con·</span> 
     </span>
     <span class='ocr_line' id='line_1_13' title="bbox 69 1164 842 1237; baseline 0.001 -20"><span class='ocrx_word' id='word_1_91' title='bbox 69 1164 139 1237; x_wconf 85' lang='lat' dir='ltr'>juge</span> <span class='ocrx_word' id='word_1_92' title='bbox 154 1165 359 1234; x_wconf 84' lang='lat' dir='ltr'>Agamemnonis.</span> <span class='ocrx_word' id='word_1_93' title='bbox 375 1165 441 1215; x_wconf 89' lang='lat' dir='ltr'>Hinc</span> <span class='ocrx_word' id='word_1_94' title='bbox 454 1165 559 1216; x_wconf 84' lang='lat' dir='ltr'>secunda</span> <span class='ocrx_word' id='word_1_95' title='bbox 572 1165 745 1233; x_wconf 80' lang='lat' dir='ltr'>tragoediarum</span> <span class='ocrx_word' id='word_1_96' title='bbox 760 1165 842 1235; x_wconf 86' lang='lat' dir='ltr'>seges.</span> 
     </span>
    </p>
   </div>
   <div class='ocr_carea' id='block_1_3' title="bbox 180 1308 788 1366">
    <p class='ocr_par' dir='ltr' id='par_1_3' title="bbox 180 1308 788 1366">
     <span class='ocr_line' id='line_1_14' title="bbox 180 1308 788 1366; baseline 0.002 -4"><span class='ocrx_word' id='word_1_97' title='bbox 180 1310 252 1364; x_wconf 78' lang='lat' dir='ltr'>Car.</span> <span class='ocrx_word' id='word_1_98' title='bbox 267 1310 366 1365; x_wconf 84' lang='lat' dir='ltr'>xx111.</span> <span class='ocrx_word' id='word_1_99' title='bbox 392 1308 534 1363; x_wconf 67' lang='lat' dir='ltr'>strom</span> <span class='ocrx_word' id='word_1_100' title='bbox 546 1308 600 1362; x_wconf 87' lang='lat' dir='ltr'>NI</span> <span class='ocrx_word' id='word_1_101' title='bbox 624 1309 788 1366; x_wconf 70' lang='lat' dir='ltr'>REGI-IS.</span> 
     </span>
    </p>
   </div>
   <div class='ocr_carea' id='block_1_4' title="bbox 76 1399 966 2192">
    <p class='ocr_par' dir='ltr' id='par_1_4' title="bbox 76 1399 966 2192">
     <span class='ocr_line' id='line_1_15' title="bbox 77 1399 883 1528; baseline -0.004 -14"><span class='ocrx_word' id='word_1_102' title='bbox 77 1399 142 1514; x_wconf 72' lang='lat' dir='ltr'>Ire</span> <span class='ocrx_word' id='word_1_103' title='bbox 165 1475 196 1510; x_wconf 85' lang='lat' dir='ltr'>ea</span> <span class='ocrx_word' id='word_1_104' title='bbox 222 1458 336 1528; x_wconf 79' lang='lat' dir='ltr'>Phrygiae</span> <span class='ocrx_word' id='word_1_105' title='bbox 362 1472 457 1526; x_wconf 86' lang='lat' dir='ltr'>parte,</span> <span class='ocrx_word' id='word_1_106' title='bbox 486 1476 539 1527; x_wconf 76' lang='lat' dir='ltr'>quae</span> <span class='ocrx_word' id='word_1_107' title='bbox 570 1458 721 1527; x_wconf 82' lang='lat' dir='ltr'>Bosphorum</span> <span class='ocrx_word' id='word_1_108' title='bbox 749 1458 883 1511; x_wconf 84' lang='lat' dir='ltr'>Thracium</span> 
     </span>
     <span class='ocr_line' id='line_1_16' title="bbox 76 1532 881 1601; baseline -0.001 -15"><span class='ocrx_word' id='word_1_109' title='bbox 76 1533 205 1601; x_wconf 84' lang='lat' dir='ltr'>respicit,</span> <span class='ocrx_word' id='word_1_110' title='bbox 226 1533 329 1600; x_wconf 71' lang='lat' dir='ltr'>Troiam</span> <span class='ocrx_word' id='word_1_111' title='bbox 354 1533 507 1592; x_wconf 87' lang='lat' dir='ltr'>Dardanus,</span> <span class='ocrx_word' id='word_1_112' title='bbox 530 1532 600 1585; x_wconf 84' lang='lat' dir='ltr'>Jovis</span> <span class='ocrx_word' id='word_1_113' title='bbox 624 1534 650 1585; x_wconf 75' lang='grc' dir='ltr'>ὅ(</span> <span class='ocrx_word' id='word_1_114' title='bbox 677 1532 779 1582; x_wconf 73' lang='lat' dir='ltr'>Elesirae</span> <span class='ocrx_word' id='word_1_115' title='bbox 800 1532 881 1591; x_wconf 83' lang='lat' dir='ltr'>filius,</span> 
     </span>
     <span class='ocr_line' id='line_1_17' title="bbox 78 1606 884 1675; baseline 0.001 -17"><span class='ocrx_word' id='word_1_116' title='bbox 78 1608 217 1665; x_wconf 83' lang='lat' dir='ltr'>condidit,</span> <span class='ocrx_word' id='word_1_117' title='bbox 236 1624 251 1657; x_wconf 90' lang='lat' dir='ltr'>e</span> <span class='ocrx_word' id='word_1_118' title='bbox 272 1607 378 1658; x_wconf 88' lang='lat' dir='ltr'>Thuscia</span> <span class='ocrx_word' id='word_1_119' title='bbox 395 1608 493 1675; x_wconf 85' lang='lat' dir='ltr'>sugiens</span> <span class='ocrx_word' id='word_1_120' title='bbox 518 1606 602 1657; x_wconf 91' lang='lat' dir='ltr'>occiso</span> <span class='ocrx_word' id='word_1_121' title='bbox 624 1608 715 1665; x_wconf 79' lang='lat' dir='ltr'>fratre,</span> <span class='ocrx_word' id='word_1_122' title='bbox 737 1608 833 1674; x_wconf 89' lang='lat' dir='ltr'>quicum</span> <span class='ocrx_word' id='word_1_123' title='bbox 856 1607 884 1659; x_wconf 85' lang='lat' dir='ltr'>in</span> 
     </span>
     <span class='ocr_line' id='line_1_18' title="bbox 77 1678 882 1749; baseline 0.001 -18"><span class='ocrx_word' id='word_1_124' title='bbox 77 1681 129 1732; x_wconf 85' lang='lat' dir='ltr'>hac</span> <span class='ocrx_word' id='word_1_125' title='bbox 150 1679 230 1732; x_wconf 83' lang='lat' dir='ltr'>ltaliae</span> <span class='ocrx_word' id='word_1_126' title='bbox 250 1694 321 1747; x_wconf 84' lang='lat' dir='ltr'>parte</span> <span class='ocrx_word' id='word_1_127' title='bbox 341 1684 466 1749; x_wconf 80' lang='lat' dir='ltr'>regnabat.</span> <span class='ocrx_word' id='word_1_128' title='bbox 487 1678 578 1730; x_wconf 87' lang='lat' dir='ltr'>Rerum</span> <span class='ocrx_word' id='word_1_129' title='bbox 597 1680 622 1729; x_wconf 86' lang='lat' dir='ltr'>in</span> <span class='ocrx_word' id='word_1_130' title='bbox 637 1680 738 1731; x_wconf 82' lang='lat' dir='ltr'>Troade</span> <span class='ocrx_word' id='word_1_131' title='bbox 757 1692 816 1732; x_wconf 86' lang='lat' dir='ltr'>tunc</span> <span class='ocrx_word' id='word_1_132' title='bbox 834 1696 882 1746; x_wconf 85' lang='lat' dir='ltr'>po·</span> 
     </span>
     <span class='ocr_line' id='line_1_19' title="bbox 77 1754 881 1822; baseline 0 -17"><span class='ocrx_word' id='word_1_133' title='bbox 77 1756 194 1806; x_wconf 83' lang='lat' dir='ltr'>tiebatur</span> <span class='ocrx_word' id='word_1_134' title='bbox 222 1754 349 1817; x_wconf 84' lang='lat' dir='ltr'>Teucer,</span> <span class='ocrx_word' id='word_1_135' title='bbox 377 1756 418 1821; x_wconf 89' lang='lat' dir='ltr'>qui</span> <span class='ocrx_word' id='word_1_136' title='bbox 440 1754 584 1804; x_wconf 83' lang='lat' dir='ltr'>Dardanum</span> <span class='ocrx_word' id='word_1_137' title='bbox 613 1771 729 1822; x_wconf 85' lang='lat' dir='ltr'>generum</span> <span class='ocrx_word' id='word_1_138' title='bbox 751 1754 881 1816; x_wconf 85' lang='lat' dir='ltr'>adscivit,</span> 
     </span>
     <span class='ocr_line' id='line_1_20' title="bbox 80 1827 882 1896; baseline -0.002 -15"><span class='ocrx_word' id='word_1_139' title='bbox 80 1845 192 1896; x_wconf 83' lang='lat' dir='ltr'>cumque</span> <span class='ocrx_word' id='word_1_140' title='bbox 217 1827 260 1879; x_wconf 88' lang='lat' dir='ltr'>illo</span> <span class='ocrx_word' id='word_1_141' title='bbox 281 1827 366 1893; x_wconf 77' lang='lat' dir='ltr'>Trojae</span> <span class='ocrx_word' id='word_1_142' title='bbox 383 1829 538 1878; x_wconf 80' lang='lat' dir='ltr'>fundamenta</span> <span class='ocrx_word' id='word_1_143' title='bbox 559 1829 619 1891; x_wconf 79' lang='lat' dir='ltr'>jecit</span> <span class='ocrx_word' id='word_1_144' title='bbox 638 1861 646 1886; x_wconf 93' lang='lat'>,</span> <span class='ocrx_word' id='word_1_145' title='bbox 668 1830 736 1878; x_wconf 86' lang='lat' dir='ltr'>annis</span> <span class='ocrx_word' id='word_1_146' title='bbox 761 1842 818 1878; x_wconf 89' lang='lat' dir='ltr'>ante</span> <span class='ocrx_word' id='word_1_147' title='bbox 837 1847 882 1879; x_wconf 80' lang='lat' dir='ltr'>na·</span> 
     </span>
     <span class='ocr_line' id='line_1_21' title="bbox 80 1900 882 1970; baseline -0.001 -16"><span class='ocrx_word' id='word_1_148' title='bbox 80 1915 134 1954; x_wconf 86' lang='lat' dir='ltr'>tarn</span> <span class='ocrx_word' id='word_1_149' title='bbox 161 1902 265 1954; x_wconf 87' lang='lat' dir='ltr'>Romam</span> <span class='ocrx_word' id='word_1_150' title='bbox 288 1900 341 1953; x_wconf 81' lang='lat' dir='ltr'>ser&#39;e</span> <span class='ocrx_word' id='word_1_151' title='bbox 359 1903 527 1970; x_wconf 81' lang='lat' dir='ltr'>septingentis.</span> <span class='ocrx_word' id='word_1_152' title='bbox 556 1902 674 1953; x_wconf 83' lang='lat' dir='ltr'>Dardano</span> <span class='ocrx_word' id='word_1_153' title='bbox 699 1900 807 1953; x_wconf 82' lang='lat' dir='ltr'>succeffit</span> <span class='ocrx_word' id='word_1_154' title='bbox 828 1902 882 1953; x_wconf 85' lang='lat' dir='ltr'>Eri·</span> 
     </span>
     <span class='ocr_line' id='line_1_22' title="bbox 82 1974 966 2041; baseline -0.002 -11"><span class='ocrx_word' id='word_1_155' title='bbox 82 1977 200 2030; x_wconf 68' lang='lat' dir='ltr'>&amp;nonius</span> <span class='ocrx_word' id='word_1_156' title='bbox 222 1974 303 2034; x_wconf 80' lang='lat' dir='ltr'>silius,</span> <span class='ocrx_word' id='word_1_157' title='bbox 323 1976 463 2027; x_wconf 68' lang='lat' dir='ltr'>Etidihonio</span> <span class='ocrx_word' id='word_1_158' title='bbox 482 1976 569 2032; x_wconf 89' lang='lat' dir='ltr'>Tros,</span> <span class='ocrx_word' id='word_1_159' title='bbox 592 1975 633 2041; x_wconf 87' lang='lat' dir='ltr'>qui</span> <span class='ocrx_word' id='word_1_160' title='bbox 656 1975 758 2041; x_wconf 80' lang='lat' dir='ltr'>Troiam</span> <span class='ocrx_word' id='word_1_161' title='bbox 780 1977 811 2026; x_wconf 89' lang='lat' dir='ltr'>de</span> <span class='ocrx_word' id='word_1_162' title='bbox 838 1977 883 2028; x_wconf 87' lang='lat' dir='ltr'>suo</span> <span class='ocrx_word' id='word_1_163' title='bbox 963 1986 966 1989; x_wconf 84' lang='grc'><em>“</em></span> 
     </span>
     <span class='ocr_line' id='line_1_23' title="bbox 83 2048 883 2120; baseline -0.003 -17"><span class='ocrx_word' id='word_1_164' title='bbox 83 2050 223 2120; x_wconf 80' lang='lat' dir='ltr'>appellavit</span> <span class='ocrx_word' id='word_1_165' title='bbox 246 2050 343 2101; x_wconf 89' lang='lat' dir='ltr'>nomine</span> <span class='ocrx_word' id='word_1_166' title='bbox 370 2068 380 2109; x_wconf 79' lang='lat'>3</span> <span class='ocrx_word' id='word_1_167' title='bbox 404 2050 480 2101; x_wconf 89' lang='lat' dir='ltr'>Trois</span> <span class='ocrx_word' id='word_1_168' title='bbox 500 2049 563 2100; x_wconf 84' lang='lat' dir='ltr'>filius</span> <span class='ocrx_word' id='word_1_169' title='bbox 586 2049 632 2101; x_wconf 86' lang='lat' dir='ltr'>suit</span> <span class='ocrx_word' id='word_1_170' title='bbox 654 2048 812 2117; x_wconf 85' lang='lat' dir='ltr'>Ganymedes</span> <span class='ocrx_word' id='word_1_171' title='bbox 832 2083 840 2109; x_wconf 92' lang='lat'>,</span> <span class='ocrx_word' id='word_1_172' title='bbox 865 2066 883 2101; x_wconf 80' lang='lat' dir='ltr'>n</span> 
     </span>
     <span class='ocr_line' id='line_1_24' title="bbox 84 2122 883 2192; baseline 0 -17"><span class='ocrx_word' id='word_1_173' title='bbox 84 2125 154 2181; x_wconf 84' lang='lat' dir='ltr'>Jove</span> <span class='ocrx_word' id='word_1_174' title='bbox 172 2138 265 2190; x_wconf 86' lang='lat' dir='ltr'>raptus.</span> <span class='ocrx_word' id='word_1_175' title='bbox 287 2123 449 2192; x_wconf 77' lang='lat' dir='ltr'>Metamorpd.</span> <span class='ocrx_word' id='word_1_176' title='bbox 468 2122 524 2173; x_wconf 80' lang='lat' dir='ltr'>Lib.</span> <span class='ocrx_word' id='word_1_177' title='bbox 543 2141 580 2174; x_wconf 85' lang='grc' dir='ltr'>ιο.</span> <span class='ocrx_word' id='word_1_178' title='bbox 601 2123 664 2173; x_wconf 89' lang='lat' dir='ltr'>ltem</span> <span class='ocrx_word' id='word_1_179' title='bbox 684 2123 831 2182; x_wconf 76' lang='lat' dir='ltr'>Assaracus,</span> <span class='ocrx_word' id='word_1_180' title='bbox 849 2140 883 2176; x_wconf 75' lang='lat' dir='ltr'>ex</span> 
     </span>
    </p>
   </div>
   <div class='ocr_carea' id='block_1_5' title="bbox 21 2196 984 2268">
    <p class='ocr_par' dir='ltr' id='par_1_5' title="bbox 21 2196 984 2268">
     <span class='ocr_line' id='line_1_25' title="bbox 21 2196 984 2268; baseline -0.002 -17"><span class='ocrx_word' id='word_1_181' title='bbox 21 2251 28 2261; x_wconf 79' lang='grc'><em>,</em></span> <span class='ocrx_word' id='word_1_182' title='bbox 84 2217 137 2268; x_wconf 81' lang='lat' dir='ltr'>quo</span> <span class='ocrx_word' id='word_1_183' title='bbox 158 2198 257 2267; x_wconf 82' lang='lat' dir='ltr'>genitus</span> <span class='ocrx_word' id='word_1_184' title='bbox 279 2198 312 2248; x_wconf 80' lang='lat' dir='ltr'>ed</span> <span class='ocrx_word' id='word_1_185' title='bbox 328 2196 430 2265; x_wconf 84' lang='lat' dir='ltr'>Capys,</span> <span class='ocrx_word' id='word_1_186' title='bbox 449 2197 561 2247; x_wconf 81' lang='lat' dir='ltr'>Anchisae</span> <span class='ocrx_word' id='word_1_187' title='bbox 580 2210 675 2263; x_wconf 78' lang='lat' dir='ltr'>pater:</span> <span class='ocrx_word' id='word_1_188' title='bbox 694 2197 789 2249; x_wconf 88' lang='lat' dir='ltr'>demum</span> <span class='ocrx_word' id='word_1_189' title='bbox 812 2197 884 2258; x_wconf 82' lang='lat' dir='ltr'>llus,</span> <span class='ocrx_word' id='word_1_190' title='bbox 980 2258 984 2264; x_wconf 25' lang='lat'>⁸</span> 
     </span>
    </p>
   </div>
   <div class='ocr_carea' id='block_1_6' title="bbox 6 2271 889 3301">
    <p class='ocr_par' dir='ltr' id='par_1_6' title="bbox 6 2271 889 3301">
     <span class='ocr_line' id='line_1_26' title="bbox 85 2271 885 2341; baseline 0 -17"><span class='ocrx_word' id='word_1_191' title='bbox 85 2277 130 2341; x_wconf 85' lang='lat' dir='ltr'>qui</span> <span class='ocrx_word' id='word_1_192' title='bbox 151 2287 279 2339; x_wconf 90' lang='lat' dir='ltr'>paternum</span> <span class='ocrx_word' id='word_1_193' title='bbox 304 2272 407 2339; x_wconf 85' lang='lat' dir='ltr'>adeptus</span> <span class='ocrx_word' id='word_1_194' title='bbox 431 2289 552 2341; x_wconf 88' lang='lat' dir='ltr'>regnum,</span> <span class='ocrx_word' id='word_1_195' title='bbox 578 2271 681 2339; x_wconf 76' lang='lat' dir='ltr'>Troiam</span> <span class='ocrx_word' id='word_1_196' title='bbox 703 2272 773 2325; x_wconf 85' lang='lat' dir='ltr'>Ilium</span> <span class='ocrx_word' id='word_1_197' title='bbox 799 2272 885 2324; x_wconf 88' lang='lat' dir='ltr'>vocati</span> 
     </span>
     <span class='ocr_line' id='line_1_27' title="bbox 87 2346 278 2399; baseline -0.005 -1"><span class='ocrx_word' id='word_1_198' title='bbox 87 2346 164 2399; x_wconf 67' lang='lat' dir='ltr'>ussit.</span> <span class='ocrx_word' id='word_1_199' title='bbox 275 2348 278 2352; x_wconf 55' lang='lat'>&#39;</span> 
     </span>
     <span class='ocr_line' id='line_1_28' title="bbox 53 2366 886 2485; baseline -0.004 -12"><span class='ocrx_word' id='word_1_200' title='bbox 53 2412 54 2415; x_wconf 8' lang='grc' dir='ltr'><strong>Ἴ</strong></span> <span class='ocrx_word' id='word_1_201' title='bbox 86 2366 96 2419; x_wconf 60' lang='lat'>¹</span> <span class='ocrx_word' id='word_1_202' title='bbox 125 2422 168 2473; x_wconf 86' lang='lat' dir='ltr'>Ilo</span> <span class='ocrx_word' id='word_1_203' title='bbox 194 2417 303 2473; x_wconf 79' lang='lat' dir='ltr'>successu</span> <span class='ocrx_word' id='word_1_204' title='bbox 327 2417 391 2470; x_wconf 85' lang='lat' dir='ltr'>filius</span> <span class='ocrx_word' id='word_1_205' title='bbox 414 2418 573 2478; x_wconf 85' lang='lat' dir='ltr'>Laomedon,</span> <span class='ocrx_word' id='word_1_206' title='bbox 593 2435 664 2485; x_wconf 87' lang='lat' dir='ltr'>quem</span> <span class='ocrx_word' id='word_1_207' title='bbox 689 2416 810 2469; x_wconf 87' lang='lat' dir='ltr'>Hercules</span> <span class='ocrx_word' id='word_1_208' title='bbox 834 2416 886 2470; x_wconf 78' lang='lat' dir='ltr'>vin</span> 
     </span>
     <span class='ocr_line' id='line_1_29' title="bbox 89 2489 884 2563; baseline -0.004 -17"><span class='ocrx_word' id='word_1_209' title='bbox 89 2511 219 2563; x_wconf 88' lang='lat' dir='ltr'>regnoque</span> <span class='ocrx_word' id='word_1_210' title='bbox 248 2494 382 2559; x_wconf 86' lang='lat' dir='ltr'>spoliavit,</span> <span class='ocrx_word' id='word_1_211' title='bbox 407 2494 510 2545; x_wconf 76' lang='lat' dir='ltr'>abdutlo</span> <span class='ocrx_word' id='word_1_212' title='bbox 527 2493 581 2558; x_wconf 85' lang='lat' dir='ltr'>ejus</span> <span class='ocrx_word' id='word_1_213' title='bbox 601 2492 652 2547; x_wconf 83' lang='lat' dir='ltr'>filio</span> <span class='ocrx_word' id='word_1_214' title='bbox 667 2525 675 2552; x_wconf 91' lang='lat'>,</span> <span class='ocrx_word' id='word_1_215' title='bbox 693 2489 884 2560; x_wconf 66' lang='lat' dir='ltr'>Metamorpdofi</span> 
     </span>
     <span class='ocr_line' id='line_1_30' title="bbox 24 2563 885 2634; baseline -0.005 -13"><span class='ocrx_word' id='word_1_216' title='bbox 24 2573 26 2575; x_wconf 69' lang='grc'><strong><em>’</em></strong></span> <span class='ocrx_word' id='word_1_217' title='bbox 92 2570 149 2622; x_wconf 78' lang='lat' dir='ltr'>Lib.</span> <span class='ocrx_word' id='word_1_218' title='bbox 172 2563 215 2623; x_wconf 73' lang='grc' dir='ltr'>η’.</span> <span class='ocrx_word' id='word_1_219' title='bbox 234 2569 275 2634; x_wconf 88' lang='lat' dir='ltr'>qui</span> <span class='ocrx_word' id='word_1_220' title='bbox 294 2587 307 2618; x_wconf 85' lang='lat' dir='ltr'>a</span> <span class='ocrx_word' id='word_1_221' title='bbox 331 2565 447 2634; x_wconf 79' lang='lat' dir='ltr'>Tr&#39;ojanis</span> <span class='ocrx_word' id='word_1_222' title='bbox 469 2569 632 2633; x_wconf 83' lang='lat' dir='ltr'>redemptus,</span> <span class='ocrx_word' id='word_1_223' title='bbox 651 2567 708 2617; x_wconf 89' lang='lat' dir='ltr'>inde</span> <span class='ocrx_word' id='word_1_224' title='bbox 729 2565 815 2623; x_wconf 85' lang='lat' dir='ltr'>Priami</span> <span class='ocrx_word' id='word_1_225' title='bbox 837 2584 885 2617; x_wconf 84' lang='lat' dir='ltr'>no·</span> 
     </span>
     <span class='ocr_line' id='line_1_31' title="bbox 91 2638 886 2699; baseline -0.005 -4"><span class='ocrx_word' id='word_1_226' title='bbox 91 2661 148 2695; x_wconf 89' lang='lat' dir='ltr'>men</span> <span class='ocrx_word' id='word_1_227' title='bbox 170 2642 315 2693; x_wconf 90' lang='lat' dir='ltr'>consecutus</span> <span class='ocrx_word' id='word_1_228' title='bbox 340 2642 399 2699; x_wconf 88' lang='lat' dir='ltr'>est,</span> <span class='ocrx_word' id='word_1_229' title='bbox 427 2638 481 2692; x_wconf 81' lang='lat' dir='ltr'>etim</span> <span class='ocrx_word' id='word_1_230' title='bbox 505 2654 578 2691; x_wconf 81' lang='lat' dir='ltr'>antea</span> <span class='ocrx_word' id='word_1_231' title='bbox 606 2640 729 2693; x_wconf 84' lang='lat' dir='ltr'>Podarces</span> <span class='ocrx_word' id='word_1_232' title='bbox 750 2641 886 2692; x_wconf 86' lang='lat' dir='ltr'>diceretur.</span> 
     </span>
     <span class='ocr_line' id='line_1_32' title="bbox 91 2714 886 2782; baseline 0.001 -15"><span class='ocrx_word' id='word_1_233' title='bbox 91 2717 202 2775; x_wconf 82' lang='lat' dir='ltr'>Priamus</span> <span class='ocrx_word' id='word_1_234' title='bbox 226 2716 288 2782; x_wconf 88' lang='lat' dir='ltr'>patri</span> <span class='ocrx_word' id='word_1_235' title='bbox 312 2714 447 2774; x_wconf 79' lang='lat' dir='ltr'>suffeuus,</span> <span class='ocrx_word' id='word_1_236' title='bbox 474 2717 582 2766; x_wconf 87' lang='lat' dir='ltr'>turribus</span> <span class='ocrx_word' id='word_1_237' title='bbox 611 2715 753 2782; x_wconf 83' lang='lat' dir='ltr'>arcibusque</span> <span class='ocrx_word' id='word_1_238' title='bbox 782 2716 886 2768; x_wconf 84' lang='lat' dir='ltr'>munivit</span> 
     </span>
     <span class='ocr_line' id='line_1_33' title="bbox 92 2789 885 2857; baseline -0.003 -15"><span class='ocrx_word' id='word_1_239' title='bbox 92 2794 178 2843; x_wconf 89' lang='lat' dir='ltr'>urbem</span> <span class='ocrx_word' id='word_1_240' title='bbox 199 2822 207 2847; x_wconf 92' lang='lat'>,</span> <span class='ocrx_word' id='word_1_241' title='bbox 228 2807 282 2856; x_wconf 79' lang='lat' dir='ltr'>quar</span> <span class='ocrx_word' id='word_1_242' title='bbox 311 2802 368 2840; x_wconf 90' lang='lat' dir='ltr'>tuuc</span> <span class='ocrx_word' id='word_1_243' title='bbox 395 2789 510 2857; x_wconf 83' lang='lat' dir='ltr'>Pergama</span> <span class='ocrx_word' id='word_1_244' title='bbox 537 2791 711 2848; x_wconf 89' lang='lat' dir='ltr'>vocabantur,</span> <span class='ocrx_word' id='word_1_245' title='bbox 736 2789 802 2840; x_wconf 80' lang='lat' dir='ltr'>unde</span> <span class='ocrx_word' id='word_1_246' title='bbox 834 2790 885 2856; x_wconf 81' lang='lat' dir='ltr'>ipsa</span> 
     </span>
     <span class='ocr_line' id='line_1_34' title="bbox 91 2862 884 2932; baseline -0.003 -17"><span class='ocrx_word' id='word_1_247' title='bbox 91 2864 173 2932; x_wconf 83' lang='lat' dir='ltr'>Troja</span> <span class='ocrx_word' id='word_1_248' title='bbox 193 2880 282 2914; x_wconf 89' lang='lat' dir='ltr'>nomen</span> <span class='ocrx_word' id='word_1_249' title='bbox 300 2879 399 2930; x_wconf 84' lang='lat' dir='ltr'>quoque</span> <span class='ocrx_word' id='word_1_250' title='bbox 416 2862 519 2928; x_wconf 76' lang='lat' dir='ltr'>sumpsit.</span> <span class='ocrx_word' id='word_1_251' title='bbox 544 2862 631 2914; x_wconf 84' lang='lat' dir='ltr'>Priami</span> <span class='ocrx_word' id='word_1_252' title='bbox 652 2880 736 2920; x_wconf 82' lang='lat' dir='ltr'>uxor,</span> <span class='ocrx_word' id='word_1_253' title='bbox 760 2862 884 2917; x_wconf 79' lang='lat' dir='ltr'>Hecuba:</span> 
     </span>
     <span class='ocr_line' id='line_1_35' title="bbox 94 2935 887 3005; baseline -0.003 -16"><span class='ocrx_word' id='word_1_254' title='bbox 94 2938 138 2990; x_wconf 85' lang='lat' dir='ltr'>silli</span> <span class='ocrx_word' id='word_1_255' title='bbox 157 2936 294 3005; x_wconf 72' lang='lat' dir='ltr'>precipui,</span> <span class='ocrx_word' id='word_1_256' title='bbox 315 2937 426 2994; x_wconf 68' lang='lat' dir='ltr'>Hester,</span> <span class='ocrx_word' id='word_1_257' title='bbox 447 2936 613 3002; x_wconf 79' lang='lat' dir='ltr'>Deiphobus,</span> <span class='ocrx_word' id='word_1_258' title='bbox 636 2936 765 2995; x_wconf 77' lang='lat' dir='ltr'>Helenus,</span> <span class='ocrx_word' id='word_1_259' title='bbox 788 2937 813 2986; x_wconf 77' lang='lat' dir='ltr'>dt</span> <span class='ocrx_word' id='word_1_260' title='bbox 839 2935 887 2987; x_wconf 82' lang='lat' dir='ltr'>Pa·</span> 
     </span>
     <span class='ocr_line' id='line_1_36' title="bbox 94 3008 887 3078; baseline -0.004 -13"><span class='ocrx_word' id='word_1_261' title='bbox 94 3014 147 3070; x_wconf 85' lang='lat' dir='ltr'>ris,</span> <span class='ocrx_word' id='word_1_262' title='bbox 163 3011 211 3062; x_wconf 82' lang='lat' dir='ltr'>five</span> <span class='ocrx_word' id='word_1_263' title='bbox 228 3011 385 3069; x_wconf 78' lang='lat' dir='ltr'>Alexander,</span> <span class='ocrx_word' id='word_1_264' title='bbox 400 3009 491 3061; x_wconf 78' lang='lat' dir='ltr'>funesta</span> <span class='ocrx_word' id='word_1_265' title='bbox 507 3011 589 3078; x_wconf 80' lang='lat' dir='ltr'>patriae</span> <span class='ocrx_word' id='word_1_266' title='bbox 605 3010 654 3061; x_wconf 80' lang='lat' dir='ltr'>fax.</span> <span class='ocrx_word' id='word_1_267' title='bbox 676 3010 762 3059; x_wconf 90' lang='lat' dir='ltr'>Talem</span> <span class='ocrx_word' id='word_1_268' title='bbox 776 3008 817 3059; x_wconf 84' lang='lat' dir='ltr'>srbi</span> <span class='ocrx_word' id='word_1_269' title='bbox 838 3011 887 3062; x_wconf 81' lang='lat' dir='ltr'>vise</span> 
     </span>
     <span class='ocr_line' id='line_1_37' title="bbox 6 3082 887 3154; baseline -0.006 -15"><span class='ocrx_word' id='word_1_270' title='bbox 6 3110 9 3115; x_wconf 92' lang='lat'><em>·</em></span> <span class='ocrx_word' id='word_1_271' title='bbox 95 3088 177 3138; x_wconf 85' lang='lat' dir='ltr'>suerat</span> <span class='ocrx_word' id='word_1_272' title='bbox 192 3101 279 3152; x_wconf 86' lang='lat' dir='ltr'>parere</span> <span class='ocrx_word' id='word_1_273' title='bbox 295 3098 390 3141; x_wconf 84' lang='lat' dir='ltr'>mater,</span> <span class='ocrx_word' id='word_1_274' title='bbox 407 3084 508 3151; x_wconf 82' lang='lat' dir='ltr'>ejusque</span> <span class='ocrx_word' id='word_1_275' title='bbox 525 3084 617 3136; x_wconf 85' lang='lat' dir='ltr'>somnio</span> <span class='ocrx_word' id='word_1_276' title='bbox 637 3085 757 3154; x_wconf 89' lang='lat' dir='ltr'>cognito,</span> <span class='ocrx_word' id='word_1_277' title='bbox 777 3082 887 3136; x_wconf 79' lang='lat' dir='ltr'>Priamus</span> 
     </span>
     <span class='ocr_line' id='line_1_38' title="bbox 6 3157 887 3227; baseline -0.006 -15"><span class='ocrx_word' id='word_1_278' title='bbox 6 3162 12 3169; x_wconf 87' lang='lat'>&#39;</span> <span class='ocrx_word' id='word_1_279' title='bbox 97 3160 179 3212; x_wconf 83' lang='lat' dir='ltr'>necari</span> <span class='ocrx_word' id='word_1_280' title='bbox 197 3175 299 3227; x_wconf 86' lang='lat' dir='ltr'>puerum</span> <span class='ocrx_word' id='word_1_281' title='bbox 315 3157 422 3224; x_wconf 76' lang='lat' dir='ltr'>jusserat.</span> <span class='ocrx_word' id='word_1_282' title='bbox 439 3159 540 3210; x_wconf 86' lang='lat' dir='ltr'>Hecuba</span> <span class='ocrx_word' id='word_1_283' title='bbox 557 3161 618 3211; x_wconf 89' lang='lat' dir='ltr'>clam</span> <span class='ocrx_word' id='word_1_284' title='bbox 631 3159 694 3210; x_wconf 89' lang='lat' dir='ltr'>inter</span> <span class='ocrx_word' id='word_1_285' title='bbox 712 3157 887 3224; x_wconf 56' lang='lat' dir='ltr'>palloresedu2</span> 
     </span>
     <span class='ocr_line' id='line_1_39' title="bbox 97 3232 889 3301; baseline -0.001 -16"><span class='ocrx_word' id='word_1_286' title='bbox 97 3232 338 3291; x_wconf 75' lang='lat' dir='ltr'>candumcuravit,</span> <span class='ocrx_word' id='word_1_287' title='bbox 366 3234 406 3284; x_wconf 91' lang='lat' dir='ltr'>ubi</span> <span class='ocrx_word' id='word_1_288' title='bbox 428 3232 483 3286; x_wconf 87' lang='lat' dir='ltr'>cdm</span> <span class='ocrx_word' id='word_1_289' title='bbox 509 3233 589 3301; x_wconf 88' lang='lat' dir='ltr'>regias</span> <span class='ocrx_word' id='word_1_290' title='bbox 612 3235 684 3285; x_wconf 82' lang='lat' dir='ltr'>dotes</span> <span class='ocrx_word' id='word_1_291' title='bbox 702 3232 841 3282; x_wconf 83' lang='lat' dir='ltr'>ostenderet</span> <span class='ocrx_word' id='word_1_292' title='bbox 861 3233 889 3284; x_wconf 88' lang='lat' dir='ltr'>in</span> 
     </span>
    </p>
   </div>
   <div class='ocr_carea' id='block_1_7' title="bbox 99 3305 889 3382">
    <p class='ocr_par' dir='ltr' id='par_1_7' title="bbox 99 3305 889 3382">
     <span class='ocr_line' id='line_1_40' title="bbox 99 3305 889 3382; baseline -0.005 -18"><span class='ocrx_word' id='word_1_293' title='bbox 99 3308 245 3364; x_wconf 83' lang='lat' dir='ltr'>conditionis</span> <span class='ocrx_word' id='word_1_294' title='bbox 276 3306 414 3362; x_wconf 77' lang='lat' dir='ltr'>bumilitate</span> <span class='ocrx_word' id='word_1_295' title='bbox 436 3342 446 3370; x_wconf 90' lang='lat'>,</span> <span class='ocrx_word' id='word_1_296' title='bbox 470 3308 590 3382; x_wconf 84' lang='lat' dir='ltr'>originem</span> <span class='ocrx_word' id='word_1_297' title='bbox 615 3307 755 3381; x_wconf 83' lang='lat' dir='ltr'>probavit,</span> <span class='ocrx_word' id='word_1_298' title='bbox 786 3305 889 3379; x_wconf 74' lang='lat' dir='ltr'>ipsasque</span> 
     </span>
    </p>
   </div>
   <div class='ocr_carea' id='block_1_8' title="bbox 0 0 1131 3842">
    <p class='ocr_par' dir='ltr' id='par_1_8' title="bbox 0 0 1131 3842">
     <span class='ocr_line' id='line_1_41' title="bbox 0 0 1131 3842; baseline 0 0"><span class='ocrx_word' id='word_1_299' title='bbox 0 0 1131 3842; x_wconf 95' lang='lat' dir='ltr'> </span> 
     </span>
    </p>
   </div>
  </div>
 </body>
</html>
