2192 3842
209 228 274 294 ῳ
368 197 631 267 APPENDIX
659 194 724 261 DE
750 195 858 263 Dus

210 315 282 365 minis
301 311 408 364 Romulo
427 324 525 376 quoque
536 342 544 368 ‚
564 305 654 359 Martis
673 305 742 365 hlio,
762 307 886 358 tributum
904 305 950 358 eh.
971 304 1018 357 t·-

209 390 256 447 lii,
273 387 365 439 Martis
381 384 540 441 sacerdotes,
557 383 643 433 urbem
663 380 763 431 obibant
778 381 916 440 saltando,
933 383 1018 435 &au-

210 461 268 514 cilia
285 460 432 532 [clypeolos
451 457 557 525 sacros]
578 455 788 508 circumferendo.

391 604 538 661 ΕΔΗ.
575 602 826 657 ΑΡΟΗθ.

209 696 242 812 J
249 765 415 812 oerum.
435 752 517 820 spreti
535 750 652 812 Iunone,
671 750 791 802 Latonam
811 749 960 811 adamavit,
981 766 1015 804 er

207 847 289 898 eaque
310 829 414 896 suscepit
431 827 619 895 Apollinem&
638 825 754 877 Dianam.
773 824 919 894 Priusquam
934 826 962 876 in
975 826 1012 876 lu·

208 922 266 965 cem
292 904 444 962 ederentur,
465 901 532 956 Juno
557 914 647 953 tertam
675 899 833 958 obsecrauit,
856 912 887 951 ut
917 901 1012 951 nullum

209 978 332 1039 Latona,
349 978 390 1028 ubi
409 975 536 1028 consistere
554 974 633 1044 posset
651 991 682 1025 ac
701 991 807 1041 parere,
825 976 914 1028 locum
933 975 1013 1025 relin-

209 1065 308 1119 queret.
329 1050 491 1120 Mermorph.
512 1049 566 1103 Lib.
586 1056 609 1101 6.
631 1047 744 1101 Promisit
768 1048 849 1101 Terra
870 1049 1011 1100 excluden-

206 1128 263 1176 dam
283 1125 394 1178 omnihus
404 1126 467 1177 locis
478 1125 616 1182 Latonam,
634 1136 796 1191 praeterquam
811 1124 845 1174 ah
864 1122 944 1175 insula
955 1123 1010 1175 De·

208 1203 253 1259 lo,
274 1217 330 1267 quae
349 1211 407 1250 tunc
424 1199 536 1251 fluitabat
554 1199 654 1250 incerto
678 1199 755 1263 mari,
779 1192 807 1249 ic
832 1197 888 1249 sere
911 1198 1009 1265 semper

205 1273 318 1325 fluetibus
335 1287 387 1325 erat
404 1274 502 1325 obruta.
522 1273 573 1324 Sed
593 1263 742 1341 Neptunus,
764 1272 885 1323 Latonam
910 1271 1010 1322 misera-

206 1362 265 1409 tus,
280 1347 373 1399 Delum
389 1347 496 1398 stabilem
515 1347 640 1404 reddidit,
657 1363 686 1398 ac
702 1344 766 1414 jnffir
781 1361 923 1415 emergere.
939 1345 1009 1397 Hine

207 1422 302 1490 Apollo
321 1421 388 1473 Delii
405 1437 543 1490 cognomen
557 1420 591 1471 esi
609 1419 692 1472 namus
707 1422 739 1471 ab
757 1420 933 1473 insulanatali.
944 1418 1008 1486 Ejus

205 1495 271 1548 silius
286 1494 457 1563 AEsculapius,
473 1495 529 1547 edm
549 1507 627 1545 artem
652 1494 772 1545 medicam
795 1512 810 1545 a
829 1506 924 1561 patre,
945 1493 973 1544 ἃ
989 1511 1005 1544 a

207 1570 321 1621 Chirone
348 1569 475 1621 Centauro
496 1568 636 1629 didicisset,
653 1567 748 1620 tantiam
775 1568 801 1619 in
823 1585 853 1619 ea
873 1566 1005 1636 proserit,

206 1644 432 1713 utI-lyppolytum,
447 1643 539 1694 Thesei
554 1642 649 1702 fitium,
667 1641 777 1694 monstris
793 1641 893 1694 mannia
911 1641 1006 1694 discer-

206 1732 293 1785 ptum,
315 1717 438 1768 advitam
459 1730 600 1768 revocaret,
618 1716 780 1785 Metamorph.
800 1716 856 1768 lib.
880 1733 898 1767 2
917 1715 1003 1781 ⁶15·

204 1792 266 1857 Quo
284 1791 348 1842 sallo
366 1790 466 1858 Jupiter
488 1792 659 1842 austeritatem
682 1791 749 1841 suam
767 1790 823 1841 laedi
841 1800 929 1850 ratus,
944 1787 1002 1842 AEs·

204 1863 1000 2006 illel?ll{hh,351⁶‘illnlllhl‘sldl‘llft

202 2032 256 2065 non
271 2025 388 2082 poterat,
407 2013 541 2065 interemit.
561 2011 655 2064 Exarsit
668 2012 793 2065 iracundii
805 2012 874 2081 gravi
887 2011 999 2080 Jupiter,

204 2090 233 2141 dr
250 2087 391 2157 Apollinem
411 2089 477 2139 coelo
496 2088 609 2155 pulsum,
626 2087 752 2138 divinitate
775 2103 821 2154 per
839 2086 936 2152 aliquot
957 2102 998 2136 an·

203 2180 251 2214 nos
271 2163 392 2229 spoliavit.
412 2162 535 2212 Redadlur
549 2164 574 2211 in
597 2161 707 2212 ordinem
725 2161 842 2228 Apollo,
863 2160 947 2211 multis
964 2161 999 2212 in·

202 2237 339 2287 commodis
356 2236 481 2286 affltuatus
496 2235 552 2295 est3
570 2252 599 2285 ac
623 2251 655 2285 ne
673 2235 767 2302 periret
791 2235 874 2294 same,
900 2250 998 2301 operam

203 2312 270 2361 suam
295 2311 386 2360 locavit
410 2309 536 2368 Admeto,
557 2301 698 2360 Thettatiae'
712 2309 790 2377 regi,
817 2306 888 2376 cujus
910 2325 998 2378 greges

202 2385 337 2451 pascendos
352 2385 457 2450 accepit.
472 2383 634 2452 Metamorph.
657 2381 712 2433 Lib.
731 2400 758 2433 ι.
775 2381 841 2433 Hinc
856 2383 930 2433 Deus
944 2382 998 2449 pas·

202 2473 285 2510 torum
296 2458 391 2508 habitus
401 2458 463 2516 suit,
474 2458 546 2524 eique
558 2457 730 2507 immolabatur
743 2456 831 2523 lupus,
847 2457 931 2511 ovium
947 2456 999 2525 pes·

202 2534 245 2584 tit.
263 2533 380 2583 Armenta
394 2530 426 2581 sic
446 2532 586 2598 pascentem
604 2531 736 2598 aliquando
753 2530 817 2581 vidit
836 2530 996 2591 Mercurius,

201 2608 276 2673 eique
296 2622 394 2656 vaccam
407 2606 466 2655 dolo
484 2604 597 2671 surripuit
613 2621 622 2656 r
634 2621 693 2655 mox
706 2604 779 2671 ipsam
794 2604 903 2671 eiusdem
914 2606 997 2656 hume·

201 2680 236 2732 ris
258 2680 339 2730 furtim
354 2680 493 2747 pharetram
510 2679 625 2730 detraxit.
640 2679 746 2747 Daphne
762 2677 787 2728 in
805 2681 901 2729 laurum
921 2680 950 2730 ab
967 2696 997 2731 en

201 2766 295 2817 mutata
318 2754 373 2807 suit.
397 2751 560 2820 Metamorph.
588 2752 644 2804 lid.
670 2765 693 2803 t.
715 2751 896 2821 Hyacinthus,
924 2769 995 2819 quen

200 2829 270 2880 disco
280 2828 420 2896 imprudens
439 2819 604 2879 colludentem
621 2827 796 2887 interemerat,
814 2827 838 2876 in
855 2827 942 2877 slorem
954 2845 995 2879 co·

201 2905 352 2973 gnominem.
372 2901 532 2969 Metamorpl.
551 2900 608 2952 Lib.
623 2915 662 2951 ro.
681 2902 714 2951 At
732 2899 867 2968 Hyacinthi
880 2914 995 2967 parentet

202 2979 362 3047 Apollinem,
379 2990 407 3027 ut
418 2993 501 3043 poenas
512 2987 676 3042 expeterent,
695 2974 797 3025 insecuti
810 3009 818 3034 ,
837 2975 923 3043 sugere
936 2977 995 3028 coi·

202 3067 292 3123 gerunt
310 3053 335 3103 in
359 3050 503 3109 Troadem,
521 3050 562 3100 ubi
583 3048 669 3099 incidit
692 3049 718 3099 in
741 3046 908 3115 Neptunum,
927 3052 993 3102 celo

202 3129 296 3196 pariter
312 3116 477 3184 exsulantem,
495 3124 559 3175 irato
577 3123 659 3182 Jove,
671 3121 696 3172 in
715 3139 787 3191 qoem
806 3122 933 3175 rumDiir
945 3124 994 3175 all·

201 3216 265 3268 quot
283 3199 462 3266 conjuraverat.
482 3198 563 3250 'Ambo
580 3198 610 3248 ad
627 3195 840 3260 Laomedontem,
859 3197 900 3265 qui
924 3196 993 3250 Tro-

202 3273 252 3363 ifm
269 3288 329 3331 tuae
347 3271 506 3337 aedificabat,
519 3270 692 3343 consogiuatr
713 3288 743 3327 ae
760 3270 833 3343 pauo
848 3270 934 3340 pretio
949 3288 995 3326 nr·
