2192 3842
203 148 290 281 „0¹
348 146 613 256 arianum
643 189 708 253 na
737 179 849 255 n'rts

205 320 283 362 mon,
298 299 416 353 Creontis
432 299 515 356 silius,
536 299 577 366 qui
593 299 743 365 Antigonen
763 299 877 364 sponsam
901 310 1012 366 optare·

206 391 267 437 rat,
287 378 368 428 ensem
385 375 427 426 fibi
445 375 527 442 adegit
547 374 571 423 in
590 373 674 439 pestus
692 388 699 424 t
717 372 861 441 Eurydice,
885 372 1014 426 Creontis

206 469 290 510 uxor,
317 464 410 502 tantum
435 448 476 498 filii
502 448 572 498 obitu
594 447 681 496 ludium
708 447 810 507 tarint,
839 461 870 499 ut
897 461 1015 499 mortem

207 525 250 576 fibi
269 525 424 575 consciverit.
447 522 517 573 Hanc
536 522 611 589 regiae
629 522 725 572 samilice
749 523 847 573 cladem
864 523 1016 590 Sophocles

208 600 232 650 in
257 600 351 650 scenam
376 597 430 648 crim
449 597 603 664 protulisset,
625 608 673 645 tarn
700 596 764 646 suavi
788 597 1013 647 commiseratione

208 672 290 724 affecit
309 673 472 740 speslatotes,
491 684 519 721 ut
536 670 618 721 insulae
638 670 703 720 Sami
725 670 875 737 prasesiuri
902 672 1014 723 donatus

209 747 294 799 suerit.

286 815 892 872 <enuntiativarum

209 905 322 1021 Nota
343 968 476 1027 levioribus
501 966 639 1019 infortuniis
666 964 755 1018 familia
779 965 884 1017 Tantali
905 999 916 1027 ,
946 965 1010 1035 repit

210 1040 340 1112 Phrygia,
363 1043 481 1094 concidit.
500 1041 578 1093 Prima
596 1041 759 1091 calamitatum
776 1041 870 1109 origo,
890 1041 1010 1108 impietas
1041 1052 1056 1078 ⁰

209 1114 280 1181 ipsuis
308 1115 406 1167 Tantali
432 1117 488 1167 fuit.
516 1115 626 1172 Iovem,
646 1132 660 1164 a
684 1133 733 1183 quo
761 1132 838 1183 genus
868 1116 1009 1174 ducebat,

210 1206 266 1240 cum
287 1191 377 1241 ceteris
396 1191 452 1242 Diis
472 1190 538 1241 domi
560 1191 606 1242 suae
630 1202 770 1256 acceperat.
792 1190 888 1240 Eorum
909 1189 1012 1240 Divini-

211 1276 287 1315 tatem
311 1277 338 1317 ut
362 1268 497 1330 probaret,
519 1264 637 1332 Pelopem
663 1265 729 1315 suurn
752 1263 848 1323 silium,
877 1265 903 1314 in
936 1263 1010 1315 frusta

212 1338 336 1389 concisum
352 1339 377 1390 dt
401 1340 490 1389 elixum
509 1339 557 1389 illis
580 1338 700 1406 apposuit.
718 1336 883 1406 Metamorplr.
903 1337 965 1391 Lib.
986 1343 1010 1388 6.

211 1411 290 1464 Ceres
307 1413 379 1478 paulb
399 1413 496 1481 reliquis
515 1414 628 1470 avidior,
649 1414 774 1463 humerum
795 1411 896 1479 Pelopis
916 1412 1009 1462 absum·

212 1484 256 1554 psit
276 1481 341 1545 3‘alii
359 1489 446 1538 ferales
466 1489 551 1553 epulas
569 1486 699 1545 detestati,
718 1486 850 1536 Tantalum
869 1486 894 1536 in
915 1498 1008 1537 tartara

213 1560 385 1621 detruserunt,
403 1562 444 1612 ubi
466 1562 552 1612 mediis
571 1561 597 1611 in
614 1560 683 1611 undis
702 1558 767 1628 ficit,
779 1561 816 1611 '&
836 1560 1008 1611 alludentibus

202 1634 251 1685 >ori
270 1635 367 1701 pomis,
387 1635 450 1685 fante
470 1636 602 1685 cruciatur.
618 1630 807 1702 Metamorphos.
827 1632 885 1684 Lib.
904 1653 935 1696 4.
961 1633 1008 1684 Pe-

212 1709 295 1774 lopem
318 1708 406 1759 deinde
430 1709 455 1759 in
475 1708 550 1758 vitam
573 1720 741 1765 revocarunt,
761 1705 848 1759 edusld
868 1724 901 1758 ert
921 1707 1006 1758 inseris

212 1796 257 1848 per
267 1782 418 1832 Mercurium
437 1781 490 1848 ejus
508 1782 608 1840 animi,
630 1781 656 1832 dt
677 1781 791 1833 membris
811 1781 845 1831 ita
863 1782 1008 1849 reparatis,

213 1869 242 1904 ut
259 1855 374 1906 humerus
395 1856 537 1913 eburneus,
564 1855 589 1904 in
610 1854 663 1920 ej'ns
684 1856 784 1913 locum,
803 1855 844 1922 qui
871 1872 886 1904 a
911 1854 1005 1906 Cerere

213 1928 323 1980 comesus
345 1929 445 1989 suerat,
467 1930 658 1980 substitueretur.
679 1925 871 1996 Metamorpdns.
899 1928 957 1980 Lib.
979 1933 1004 1980 6.

164 2026 170 2037 ·
213 2003 313 2062 Niobe,
341 2003 440 2055 Tantali
464 2003 530 2068 filia,
556 2017 679 2071 paternam
697 1998 854 2070 =impietatem
878 2003 970 2054 imitata
991 2035 1001 2059 ,

213 2077 270 2128 dum
289 2078 405 2134 Latonam
427 2079 581 2136 contemnit,
601 2078 750 2129 numerosam
775 2075 850 2128 amisit
875 2078 1002 2134 sobolem,

212 2152 270 2203 telis
294 2151 416 2219 Apollinis
442 2170 470 2203 ac
491 2152 579 2203 Dianae
610 2150 729 2202 consitam
753 2167 761 2201 t
792 2152 818 2202 ἃ
845 2151 896 2217 ipsa
918 2152 1001 2201 dolore

144 2246 147 2253 ¹
213 2242 316 2284 ament,
336 2227 362 2277 in
380 2226 460 2278 saxum
478 2217 587 2294 diriguit.
598 2221 787 2292 Metamorphos.
802 2221 858 2275 Lib.
877 2231 901 2275 6.
914 2222 1002 2290 Pelops

194 2292 199 2301 ’
214 2298 342 2368 Phrygiam
356 2314 395 2352 tot
411 2300 519 2352 cladibus
541 2300 636 2349 suorum
649 2299 764 2350 suneslatn
784 2299 918 2356 deserens,
937 2298 1003 2349 venit

214 2375 240 2425 in
258 2374 369 2431 tetidem,
394 2374 418 2426 u
444 2374 650 2440 Hippodamiam,
672 2370 797 2425 Oenomai
819 2373 885 2440 regis
908 2370 1000 2431 filiam,

212 2463 316 2498 uxorem
338 2449 369 2499 ab
392 2448 446 2512 ejus
468 2462 538 2514 patre
568 2447 707 2515 postulavit.
728 2444 872 2498 Oenomaits
900 2459 1000 2498 morteto

213 2521 255 2573 sibi
272 2539 285 2570 a
306 2538 399 2589 genero
421 2520 567 2573 afferendam
583 2521 723 2571 admonitus
739 2554 747 2580 ,
766 2537 820 2571 eant
842 2517 901 2571 filia·
922 2520 1000 2587 procis

120 2649 123 2655 ,
214 2595 380 2652 conditionem
393 2597 568 2662 proposuerat,
587 2609 614 2646 ut
630 2595 708 2646 curuli
719 2594 852 2646 certamine
869 2595 949 2644 secum
960 2596 999 2645 de·

215 2681 359 2727 certarent,
377 2670 407 2720 ei
423 2671 541 2736 potituri,
566 2669 728 2721 strincerent
747 2686 756 2727 ;
778 2668 899 2735 perituri,
916 2666 933 2717 fi
951 2669 999 2718 rin·

124 2802 130 2813 ὃ
216 2754 341 2794 serenius·

252 2816 361 2882 Accepit
381 2817 545 2871 conditionem
564 2808 653 2884 Pelops
671 2851 678 2877 ,
707 2815 733 2868 dt
749 2831 832 2884 repent
849 2815 915 2864 vinci
932 2816 999 2867 aliter

215 2895 286 2961 quim
306 2892 383 2951 dolo,
404 2908 454 2943 non
473 2891 538 2957 posse
557 2892 696 2958 intelligens
711 2921 719 2948 ,
736 2890 794 2958 egit·
805 2906 860 2939 cum
878 2888 1002 2957 Myrtilo,

216 2965 270 3030 ejus
292 2965 398 3034 aurigi,
420 2979 446 3016 ut
464 2967 554 3016 serrum
574 2966 674 3016 tolleret
693 2997 701 3023 ,
722 2965 787 3030 quod
808 2963 847 3014 axi
866 2976 998 3026 extremo,

215 3053 325 3093 rotarum
340 3040 452 3091 modiolis
469 3040 560 3089 inserto
574 3038 701 3108 infigitur,
717 3038 823 3104 easque,
841 3053 873 3085 ne
888 3036 998 3099 effluant,

217 3115 337 3166 continet.
360 3113 474 3165 Excuslus
497 3115 562 3164 hunc
581 3113 606 3163 in
623 3115 721 3163 modum
741 3128 813 3165 curru
834 3109 1000 3171 Oenomaiu,

217 3188 297 3239 stallis
317 3188 473 3246 cervicibus,
492 3205 546 3238 curn
565 3188 614 3238 vita
628 3187 753 3238 victoriam
769 3186 908 3252 &regnunt
921 3183 1000 3240 amisit.

218 3259 307 3330 Pelops
326 3278 404 3333 regno
425 3263 501 3316 dotali
519 3260 633 3332 potitus,
659 3259 829 3330 Peloponneso
850 3275 940 3315 nomen
958 3259 1001 3312 de·

985 3416 990 3423 ’
1052 3442 1067 3485 r
