2192 3842
155 180 220 245 444
310 122 568 229 artrunrx
597 159 667 224 ur
695 159 807 226 nur

194 266 293 320 lnceffit
309 269 433 321 Theseum
456 269 547 337 cupido
566 268 710 322 ‹hiinotauti
728 263 861 320 occidenti
876 281 889 318 r
906 270 961 318 nb

158 343 196 394 mit
224 343 250 393 in
269 342 388 407 Cretam,
410 344 436 395 ἃ
455 345 562 395 monstro
587 356 739 409 perempto,
761 340 859 393 hainoie
879 338 961 391 filiam

157 415 303 483 Ariadnen,
324 416 395 484 cujus
422 434 471 485 ope
490 418 622 487 labyrinthi
639 419 755 485 ambages
782 414 964 481 explicuerat,

159 487 378 542 secum¹abslulitt
401 507 456 542 eam
471 503 557 542 tamen
574 525 582 551 ,
601 492 727 543 immemor
752 488 887 547 beneficii,
906 488 960 538 de·

160 563 235 615 seruit
265 564 290 616 in
320 564 395 616 insula
425 566 497 617 Naxo
523 582 532 617 t
559 564 695 617 destitutam
727 562 843 616 Bacchus
875 560 960 613 duxit·

60 642 63 651 ‘
159 637 322 706 Metamorph.
341 636 396 690 Lidj
413 639 439 690 8.
466 640 567 698 Navis,
586 638 635 708 qui
651 639 788 690 vehebatur
806 637 833 688 in
852 633 959 688 Cretam

159 710 290 773 Theseus,
309 713 383 782 nigris
399 712 510 764 inslruiia
525 713 680 773 velis‘erat,
695 711 816 764 mutandis
832 710 931 759 in'allaa
943 740 959 764 s

160 783 179 847 fi
198 802 249 837 rem
264 787 327 837 bene
346 785 464 856 gesisset.¹
480 787 580 838 Mutare
601 803 652 838 uon
669 785 795 847 meminit,
813 783 896 834 elatus
911 784 959 835 12·

91 880 93 885 ·
160 858 216 910 titii
236 859 353 911 visloriae.
373 860 408 911 At
423 858 517 930 AEgeus
543 859 617 930 nigris
639 860 701 912 velis
720 856 813 911 eminis
829 856 958 924 aspeiiis,

161 932 258 998 periisse
276 933 352 985 filium
365 946 431 985 ratus
442 969 454 991 ‚
472 935 496 985 in
516 951 585 985 mare
601 933 625 983 se
644 934 712 985 dedit
730 930 884 999 precipitem
897 947 911 988 a·
928 931 960 982 dt

162 1003 249 1076 AEgeo
269 1007 328 1058 mari
347 1024 439 1060 nomeu
461 1008 533 1060 iecit.
550 1007 672 1058 Pirithoits
682 1043 694 1067 ,
711 1005 842 1058 Thessaliae
859 1003 886 1054 itt
911 1020 960 1053 ea-

163 1079 220 1131 dem
240 1080 336 1133 Graecia
361 1098 431 1147 rex,
450 1082 568 1135 accensus,
582 1080 692 1149 insidii,
711 1082 745 1132 oh
769 1095 810 1131 res
836 1075 961 1146 preclare
1030 1134 1037 1145 1
1072 1130 1075 1163 ‚¹

163 1168 178 1203 a
197 1154 297 1206 Theseo
316 1153 412 1223 gestas,
428 1154 482 1222 ejus
499 1155 630 1225 regionem.
644 1153 735 1208 infestis
754 1153 827 1204 armis
846 1150 961 1202 incursa·

162 1225 220 1287 vit,
244 1240 273 1279 ut
300 1229 331 1279 ad
358 1227 478 1298 singulare
507 1244 633 1281 certamen
659 1229 727 1280 illum
755 1228 871 1279 eliceret.
899 1226 960 1277 Nec

162 1300 287 1352 recusavit
311 1302 434 1354 Theseus.
462 1303 513 1354 Sed
532 1305 573 1354 ubi
595 1302 700 1370 primirm
717 1300 752 1353 est
781 1297 928 1368 conspedus
945 1332 965 1364 2

164 1372 300 1426 Pirithuitm
324 1376 374 1427 or'u
391 1376 529 1445 dignitate,
543 1378 660 1428 connitere
686 1375 792 1435 indolis,
813 1375 848 1426 ita
873 1372 960 1424 devita·

163 1447 201 1498 xit
229 1448 301 1509 fibi,
323 1461 352 1500 ut
378 1467 446 1501 amor
475 1450 572 1502 invidiae
596 1452 681 1502 locum
709 1446 899 1515 occupaverit,
930 1445 960 1500 dt

164 1521 278 1583 animos,
296 1536 371 1590 atque
389 1540 472 1587 arura,
492 1537 589 1575 aeterno
612 1524 707 1575 foedere
732 1526 805 1574 amhn
822 1520 963 1588 junxerint·

164 1588 221 1647 slec
246 1597 287 1646 diu
316 1597 451 1664 etspeiiata
481 1597 526 1647 fuit
550 1597 647 1648 occasio
673 1596 786 1647 amicitie
813 1595 964 1648 sanciendae.

164 1667 288 1721 Centauri
304 1687 359 1722 cum
385 1669 470 1721 ricinis
490 1671 609 1740 Lapythis
628 1670 723 1721 invitati
744 1672 777 1720 ad
804 1669 901 1736 nuptias
922 1666 968 1719 Pi·

165 1743 266 1803 eschui,
288 1744 315 1795 dt
338 1743 527 1810 Hippodamiae,
553 1756 682 1796 moverant
700 1743 777 1796 risam
800 1743 933 1794 temulenti
951 1776 966 1804 ,

165 1817 193 1868 ἃ
212 1816 337 1885 ingentem
352 1817 508 1884 Lapitharum
525 1819 618 1871 caedem
636 1818 775 1870 ediderant.
792 1816 964 1885 Metamorpd.

165 1888 223 1945 Lib.
244 1908 282 1940 ιε’.
299 1890 375 1941 Erant
395 1890 516 1944 Centauri
534 1893 634 1959 equites
653 1893 716 1943 adeo
740 1890 850 1951 strenui,
868 1902 897 1941 ut
922 1889 965 1942 se·

165 1964 254 2014 dentes
274 1965 303 2014 in
318 1981 401 2032 equo,
423 1983 499 2016 unum
516 1982 575 2017 cum
590 1983 623 2017 eo
646 1981 736 2033 corpus
755 1965 865 2018 conflate
887 1964 965 2016 vide·

165 2050 262 2089 rentur.
288 2038 388 2089 Illorum
414 2039 564 2106 proterviam
591 2058 620 2092 ac
637 2039 772 2091 'libidinem
803 2035 963 2101 Pirithous,

166 2110 267 2164 Theseo
286 2112 434 2180 adjuvante,
454 2114 519 2164 ultus
539 2113 593 2172 est,
612 2127 640 2164 ut
658 2129 703 2181 par
721 2125 784 2165 erat.
796 2111 963 2172 Amhodeiuq

129 2192 133 2203 ’
167 2186 199 2237 de
227 2185 294 2237 annis
314 2200 372 2237 ante
399 2186 520 2237 excidium
545 2185 632 2252 Troiae
655 2199 761 2254 quatuor
789 2186 816 2239 dt
843 2186 964 2256 viginti,

165 2258 289 2310 Helenam
310 2274 461 2327 rapuerunt,
476 2278 530 2330 quae
549 2277 563 2310 a
583 2258 684 2312 Castore
702 2260 786 2329 postea
802 2261 830 2312 δι
854 2259 964 2312 Polluce

166 2333 214 2384 suit
231 2346 386 2399 recuperata.
406 2335 481 2385 iidem
500 2335 531 2386 ad
550 2335 690 2400 rapiendam
708 2333 876 2401 Proserpinam
894 2334 963 2404 regie

166 2406 331 2458 Molossorum
347 2406 422 2459 filiam
439 2407 542 2476 pruseiii
560 2408 623 2460 sunt.
643 2409 706 2460 Eam
717 2410 783 2460 canis
799 2406 964 2463 ferociffimur

167 2480 337 2540 custodiebat,
354 2498 425 2548 quem
445 2481 582 2533 Cerberum
609 2484 732 2537 vocabant
751 2500 764 2545 ⁴,
784 2484 819 2532 ahr
834 2499 866 2535 eo
890 2482 962 2534 lace·

165 2566 235 2606 ratus
257 2553 292 2604 esi
318 2553 441 2607 Pirithoiis
462 2571 471 2607 r
491 2556 603 2608 Theseus
627 2574 641 2606 a
663 2573 723 2626 rege
748 2557 819 2608 datus
837 2556 865 2607 in
879 2556 961 2608 cusio-

163 2626 259 2685 diam,
284 2627 402 2679 llerculir¹
426 2629 539 2695 precibus
562 2628 688 2683 concessus
706 2628 748 2680 esi.
769 2630 906 2681 indenata
926 2631 963 2683 de

166 2700 252 2752 inseris
272 2700 372 2761 sabula,
389 2719 450 2769 quos
469 2702 601 2762 Theseus,
618 2716 646 2757 ut
662 2713 760 2755 armant
781 2704 881 2769 poitae,
896 2703 962 2757 adiit

166 2791 224 2839 cum
248 2772 378 2836 Pirithoo,
399 2788 426 2826 ut
446 2775 615 2845 Proserpinam
639 2778 782 2828 abduceret.
811 2775 905 2835 Pluto.
930 2796 963 2830 re

167 2848 266 2918 cogniti
279 2882 287 2907 ,
300 2862 430 2918 utrumque
444 2852 650 2919 comprehendit,
664 2851 691 2902 dt
702 2849 806 2902 uinculis
822 2851 961 2905 oneravit:

166 2922 240 2977 iniis
261 2921 327 2975 haefit
346 2922 487 2984 Pirithois,
508 2922 580 2986 fite,
599 2938 626 2977 ut
649 2924 693 2976 alii
718 2935 832 2984 damant,
852 2942 867 2977 a
892 2924 960 2976 Cer·

166 2999 230 3051 hero
252 2997 383 3049 devoratus
409 2998 454 3049 est.
481 2998 604 3050 Theseum
628 2999 769 3054 Hercules,
794 2996 850 3049 crim
876 2998 964 3053 adiret

167 3071 286 3131 inseros,
310 3071 452 3123 liberavit:
477 3071 506 3124 dt
526 3073 665 3139 adjutorem
689 3070 770 3123 habuit
794 3071 819 3122 ia
843 3071 962 3139 suscepto

168 3160 255 3196 contra
277 3145 414 3197 Amazonas
437 3146 527 3206 bello,
547 3163 652 3213 qnorum
674 3146 781 3213 reginam
801 3144 962 3213 Hippolyten

165 3214 208 3286 ipsi
225 3234 329 3273 acorem
345 3217 424 3276 dedit.
442 3218 480 3274 Ex
498 3237 528 3276 ea
545 3219 656 3276 Theseus
674 3220 761 3291 genuit
773 3218 964 3295 Hippolprm5
