2192 3842
201 224 263 291 tr
283 222 538 292 unnomus
560 228 799 325 porrrcrs.
841 254 901 319 4„

108 350 143 388 ne
162 334 267 403 puderet
284 336 384 386 miseros
401 338 518 388 mortales
535 337 649 387 volutare
671 337 695 387 se
717 338 741 389 in
758 356 831 391 coeno
848 343 903 392 libi-

111 410 212 468 dimm,
233 410 273 476 qui
298 410 368 461 Deos
391 409 422 462 ad
441 411 495 462 baec
514 410 608 480 llagitia
635 413 727 472 duces,
752 415 904 467 hortatores·
978 440 980 444 >
1027 456 1030 463 r

112 501 162 553 que
180 483 223 535 fibi
237 484 354 535 fecissent.
419 517 422 522 -

129 642 132 649 Δ
233 604 393 686 'canu
433 629 772 687 neptunus,

113 715 174 832 N
185 791 378 839 retrursus,
395 777 465 833 lovis
482 780 577 839 frater,
595 781 668 832 maris
689 778 816 847 imperium
836 781 909 834 sorti·

109 864 155 904 tus
175 853 216 903 ell.
236 853 274 903 llli
293 869 339 918 pro
368 854 482 922 sceptro,
503 854 595 905 tridens
613 871 623 914 3
642 872 687 922 pro
711 872 803 916 curru,
822 857 908 926 ingens

113 930 209 977 concha
227 945 235 985 ;
258 944 303 994 pro
325 928 412 995 equis,
432 928 604 996 hippocampi,
621 927 670 979 five
690 930 746 996 equi
756 930 859 988 matini,
874 932 912 981 bi·

112 1001 191 1069 pedes
206 999 298 1051 tanrdm
313 1035 322 1058 ,
337 1000 458 1069 postremi
477 1004 588 1070 corporis
606 1017 676 1070 parte
694 1003 720 1054 in
736 1004 834 1071 piscium
851 1022 910 1055 cau·

115 1076 172 1125 dam
192 1073 314 1126 desinente
334 1093 343 1135 ;
361 1095 405 1144 pro
426 1077 586 1137 satellitibus,
606 1076 711 1128 tritones
730 1091 810 1129 mant.
840 1079 911 1131 Uxor

115 1149 171 1215 ejus
191 1149 337 1217 Amphitrite
358 1168 366 1209 ;
389 1150 462 1211 filiae,
481 1152 606 1219 Harpyia..
633 1150 794 1220 Metamorpl.
812 1153 866 1203 zib.
884 1171 910 1219 7·

117 1224 236 1275 Oceanus
249 1258 258 1283 ,
274 1223 384 1291 Neptuni
393 1224 476 1282 filius,
495 1238 565 1290 patet
574 1225 722 1283 fluviorum,
737 1225 839 1293 Thetyn
851 1244 911 1278 uxo·

115 1315 170 1350 rem
190 1298 276 1357 duxit,
293 1316 325 1349 ex
348 1316 395 1366 qua
416 1299 545 1357 Nereum,
566 1299 591 1349 dt
613 1298 735 1351 Doridem
760 1299 872 1367 suscepit.
890 1300 911 1351 E

116 1373 205 1424 Nereo
221 1373 247 1424 δι
263 1371 359 1422 Doride
373 1385 498 1441 prognatae
515 1372 569 1422 lunt
585 1373 720 1439 nymphae,
738 1389 837 1439 quarum
860 1375 912 1424 aliae

119 1448 273 1497 vocabantur
283 1447 422 1505 Nereides,
438 1463 490 1512 quae
502 1446 561 1496 mari
578 1464 585 1504 ;
603 1448 623 1494 N
627 1445 726 1504 aiades,
741 1464 794 1512 quae
804 1447 913 1499 fontibus

119 1522 149 1572 dt
160 1520 239 1570 fluviis
253 1537 262 1578 ς
278 1521 388 1587 Napeae,
407 1520 521 1589 Dryades
534 1553 542 1578 ,
559 1519 778 1587 &Hamadryades
791 1553 799 1578 ‚
812 1538 865 1587 quae
877 1520 916 1571 ld·

117 1595 158 1644 vis
178 1628 186 1653 ‚
209 1594 329 1661 pratisque
358 1607 488 1661 praeerant.
516 1594 586 1644 Inter
609 1595 729 1644 Nereides
750 1593 845 1664 insignis
867 1594 915 1647 fuit

121 1668 231 1727 Thetis,
249 1666 318 1718 Pelei
334 1667 435 1730 conjux.
453 1667 617 1736 Metamorpl.
637 1666 693 1718 Lib.
715 1685 741 1718 2.
759 1667 856 1720 Oceani
872 1685 916 1734 pa·

122 1743 187 1795 riter
202 1740 266 1792 filius
292 1755 345 1793 erat
368 1742 492 1800 Proteus,
513 1742 623 1808 Neptuni
642 1741 739 1808 pallor,
762 1743 802 1809 qui
820 1741 916 1794 Phocas

121 1815 177 1882 ejus
195 1817 297 1884 regebat
310 1834 318 1876 ς
331 1833 345 1865 a
359 1815 451 1867 Latinis
470 1815 548 1867 did'tus
566 1817 718 1869 Vertumnus
731 1849 739 1875 ,
752 1817 806 1884 quia
820 1817 845 1867 in
864 1833 917 1869 om·
977 1856 983 1865 .

122 1908 169 1942 nes
186 1890 276 1940 formas
292 1890 342 1941 sese
360 1892 481 1942 vertebat.
500 1889 663 1958 Metamorpl.
677 1890 731 1941 Lib.
744 1907 780 1949 2,
793 1891 827 1949 8,
840 1891 918 1957 ou.

122 1965 194 2017 lnter
215 1964 286 2014 maris
306 1965 402 2014 numina
423 1965 585 2015 censebantur
603 1966 676 2021 etiarn
698 1964 830 2023 Glaucus,
851 1967 917 2026 lno,

122 2039 225 2105 ejusque
246 2036 308 2088 filius
327 2039 468 2089 Melicerta·
481 2036 593 2089 Glaucus
611 2055 659 2105 quo
680 2039 750 2103 patto
766 2038 837 2088 Deus
858 2056 919 2089 eva·

123 2113 203 2172 serit,
223 2113 330 2179 explicat
351 2114 452 2170 Vates,
467 2111 630 2180 Metamorph.
654 2111 708 2162 Lib.
732 2112 790 2176 76·
814 2130 851 2178 ¹3·
872 2112 919 2162 lno

125 2186 219 2253 conjux
244 2200 298 2238 erat
326 2187 478 2237 Athamantis
496 2186 638 2236 Thebarum
659 2185 734 2254 regis.
762 2185 834 2238 Hunc
858 2186 919 2237 irata

24 2312 28 2317 ,
126 2262 195 2315 luno
214 2261 265 2328 egit
285 2261 310 2309 in
328 2260 427 2311 furias:
444 2261 529 2327 quibus
555 2261 596 2309 ille
613 2260 717 2328 agitatus
736 2276 823 2309 necem
846 2259 919 2310 uxori

126 2337 278 2388 machinatus
292 2332 335 2383 est.
353 2334 486 2385 Furenrem
499 2335 545 2385 lno
562 2334 656 2401 fugiens
667 2372 674 2398 ‚
687 2333 711 2383 in
729 2350 793 2383 mare
809 2333 833 2384 se
851 2332 921 2400 deje-

128 2410 183 2467 cit,
204 2426 258 2459 cum
275 2406 327 2458 filio
348 2408 489 2460 Melicerta.
512 2409 651 2474 Utrumque
675 2406 799 2458 miseratus
823 2407 921 2474 Neptu·

127 2500 174 2536 nus
194 2483 266 2534 Deos
288 2482 360 2534 maris
380 2483 428 2534 elle
445 2481 527 2550 judit,
551 2484 577 2535 dt
602 2483 703 2532 lnonem
724 2482 918 2544 Leucotheam,

128 2558 286 2609 Melicertam
297 2555 358 2608 verd
373 2555 535 2609 Palaemonem
554 2556 622 2606 dixit.
639 2555 800 2623 Metamorpd.
818 2555 873 2609 Lib.
892 2576 921 2622 4.

130 2634 186 2686 Nec
202 2632 385 2695 praetereundus
403 2632 467 2681 inter
481 2631 553 2681 Deos
568 2630 640 2681 maris
658 2628 746 2681 AEolus
766 2629 816 2690 eil,
833 2643 923 2682 vento·

129 2724 184 2759 rum
203 2705 302 2756 arbiter.
321 2705 379 2770 Ejns
396 2706 463 2772 regia
482 2704 508 2754 δι
524 2717 654 2755 ventorum
667 2721 772 2764 carcer,
790 2721 868 2773 prope
883 2705 924 2756 Si·

132 2781 230 2838 ciliam,
252 2780 276 2829 iu
297 2775 384 2830 AEoliis
408 2778 490 2829 insulis
510 2780 656 2830 collocatur.
681 2779 711 2829 ln
732 2778 831 2847 angusto
857 2780 924 2829 freto

133 2854 200 2922 quod
216 2853 322 2903 Siciliam
340 2855 369 2903 ab
387 2854 455 2903 ltalia
474 2853 584 2918 separat,
600 2850 703 2902 monstra
715 2852 764 2901 duo
778 2853 868 2903 marina
879 2869 926 2918 po·

134 2940 226 2981 nuntur
242 2944 256 2976 a
274 2927 372 2992 poetis,
386 2928 468 2995 Scylla
483 2942 572 2992 nempe
588 2927 614 2978 δι
632 2924 778 2993 Charybdis.
792 2927 820 2976 ln
836 2925 927 2977 eodem

135 3004 203 3054 freto
209 3001 302 3053 orento
319 3001 442 3068 degebant
459 3001 572 3059 Sirenes,
584 3017 638 3066 quae
650 3000 766 3050 suavitate
779 3000 862 3051 canuls
873 3001 928 3066 pel·

134 3077 214 3129 lesos
228 3074 341 3125 vettones
355 3077 381 3127 iu
400 3075 484 3128 brevia
498 3075 622 3146 syrtesque
645 3075 827 3141 perducebant..
843 3072 928 3135 Mera·

139 3151 232 3221 norpd.
250 3148 307 3202 lib.
321 3165 348 3216 5.
394 3148 397 3153 ’

763 3368 822 3440 rrj
