2192 3842
218 206 818 282 eruunoruusroerrms.
857 236 918 299 ιιι
1010 204 1013 211 ’

124 308 194 367 idem
210 329 307 387 tempus
322 320 437 389 Mycenis
458 322 484 373 in
499 318 615 382 Graecia,
636 323 750 376 stenelus
770 325 796 378 dt
815 336 922 394 regnum

126 388 230 442 Herculi
255 394 305 446 fata
330 395 487 448 destinabant.
507 397 586 448 Sensit
604 397 689 462 iuno,
707 398 860 467 effecitque,
890 412 920 451 ut

126 459 282 534 Eurystheus.
293 469 387 520 Steueli
404 468 484 527 iilius,
504 471 572 537 prior
590 471 749 533 nasceretur,
766 478 837 540 quim
853 471 918 524 lier-

125 539 214 599 cules,
234 540 288 592 cdrn
313 557 386 594 antea
405 543 554 610 impetrasset
572 563 587 596 a
608 545 695 606 Jove,
719 558 747 598 ut
770 548 812 615 qui
831 548 919 598 ambo·

124 626 180 661 rum
205 615 273 681 prior
293 616 359 668 foret
375 618 400 668 in
423 619 504 669 lucem
529 619 631 679 editus,
658 620 729 671 alteri
752 619 917 687 imperitaret.

122 683 256 752 Imperium
269 690 435 743 inclementer
456 692 482 743 in
503 691 638 744 Herculem
656 693 803 764 Eurystheus
832 694 917 761 pollen

55 760 56 763 ’
122 762 244 813 exercuit.
265 763 429 834 Metamotpl.
448 765 504 817 Lib.
527 784 554 829 p.
578 765 690 837 Longum
719 781 800 818 tamen
823 766 917 821 Junoni

120 831 197 883 visum
213 836 264 895 eli,
283 838 341 887 dum
358 852 462 905 uterque
475 838 635 892 ‘adolesceret
653 858 660 891 :
678 840 811 892 Herculem
821 842 852 892 *in
868 859 917 892 cu-

118 906 158 957 rtis
176 911 282 974 perdere
295 913 421 971 tentavit,
439 912 554 965 immissu·
565 915 683 982 anguibus
709 916 827 983 geminis,
849 932 913 983 quos

117 979 221 1042 insane,
236 983 285 1048 jam
303 985 522 1048 uetuerimne,
543 989 585 1056 qui
601 988 686 1040 vivere
711 989 753 1039 vix
778 1002 912 1056 coeperat,

117 1056 218 1108 tenellis
234 1059 343 1111 manibus
358 1059 429 1113 elisit.
449 1060 557 1113 Palladis
574 1074 658 1113 tamen
675 1078 740 1130 ope,
759 1060 829 1114 Juno
845 1062 914 1113 Her·

116 1130 168 1179 culi
185 1132 316 1184 conciliata
331 1135 452 1201 paulisper
466 1134 519 1195 est,
538 1135 645 1203 dumque
661 1154 723 1203 puer
744 1137 817 1188 labris
835 1138 912 1187 ubera

116 1202 262 1273 immulget,
278 1208 369 1258 decidit
382 1210 463 1274 aliqua
480 1210 599 1274 particula
618 1211 712 1260 candidi
731 1210 857 1277 liquoris,
882 1214 910 1261 bc

115 1277 143 1327 in
164 1295 217 1329 eam
235 1280 407 1348 coeli-partem
425 1281 549 1341 defluxit,
571 1299 625 1349 quae
641 1284 680 1333 via
696 1283 783 1334 Leuca
802 1283 911 1350 postmo-

117 1351 176 1402 dum
199 1352 233 1402 eli
253 1355 385 1421 appellata.
410 1354 573 1423 Metanmrpb.
595 1355 652 1407 Lib.
673 1373 695 1406 a.
723 1355 785 1407 itae
805 1357 911 1410 Junonis
959 1416 963 1423 Ι

117 1426 296 1477 benevolentia
314 1427 413 1479 minim'c
432 1428 479 1479 fuit
497 1429 620 1481 diuturna.
645 1428 825 1498 Eurystheum,
847 1430 911 1498 My-

115 1501 320 1551 cenarumsolio
344 1502 468 1567 potitum,
490 1502 607 1569 impulit,
628 1515 655 1553 ut
682 1503 815 1554 Herculem
835 1505 910 1557 variis

113 1573 239 1641 objiceret
259 1575 405 1635 laboribus,
427 1575 513 1642 quibus
534 1575 640 1643 denique
665 1576 779 1644 oppressis
804 1577 915 1644 periret„

114 1648 258 1699 Duodecim
278 1646 355 1717 vulgb
372 1664 547 1701 numeranture
560 1648 642 1700 Primi
657 1649 730 1717 julius
751 1650 785 1701 esi
808 1653 908 1703 leonem
977 1656 979 1661 ’

113 1720 322 1779 blemeae'filuae,
344 1740 360 1772 a
379 1739 428 1790 quo
447 1724 494 1774 toti
514 1724 609 1792 regioni
623 1725 743 1791 pernicies
761 1726 906 1786 creabatur,

114 1794 266 1847 interficere.
294 1795 405 1848 Adortus
428 1796 504 1847 serem
528 1797 650 1850 Hercules
674 1799 700 1850 in
720 1811 817 1850 antrum
839 1815 908 1851 com·

114 1872 208 1937 pulit,
236 1869 301 1921 unde
327 1872 420 1921 nullum
446 1873 545 1937 patebat
574 1871 717 1941 effugium
748 1872 907 1940 faucibusque

10 1946 19 1953 ”
114 1943 247 1995 constristis
261 1944 403 1996 interemit.
422 1944 585 2013 Metamorpl.
607 1945 664 1998 Lib.
687 1961 715 2011 9.
734 1945 795 2014 Ejus·
814 1948 907 2013 pellens

113 2016 250 2086 deinceps,
265 2018 349 2084 primae
363 2018 457 2070 scilicet
470 2019 577 2069 vislorioe
591 2033 794 2080 mouumentum,
812 2020 908 2086 semper

113 2089 193 2161 geliic.
213 2091 273 2143 Erat
291 2092 378 2160 Hydra
398 2093 472 2142 leone
488 2091 535 2142 isto
552 2094 665 2152 tetrior,
682 2094 780 2159 serpens
797 2094 907 2145 immanis

112 2166 140 2218 in
159 2165 239 2216 Lerna
257 2166 365 2233 palude,
389 2181 467 2233 prope
488 2166 591 2234 Argos,
610 2167 649 2216 cui
666 2167 758 2234 septem
775 2167 854 2233 capita
872 2166 908 2219 src

32 2254 34 2257 ’
112 2238 157 2291 uni
178 2240 246 2290 collo
266 2239 459 2300 inserebantur,
483 2251 513 2290 ut
532 2238 587 2290 crim
606 2257 680 2291 unum
699 2241 907 2301 exscinderetur,

111 2314 162 2366 alia
180 2315 255 2364 multa
269 2314 466 2380 repullularent:
486 2315 567 2365 omnia
584 2312 651 2364 semul
669 2316 758 2365 eodem
777 2312 908 2366 istu‘ller·

114 2388 185 2439 cules
206 2387 308 2439 abscidit
322 2382 336 2446 ἰ
359 2401 401 2439 aut
423 2389 508 2457 igne,
535 2400 563 2439 ut
590 2388 631 2439 alii
658 2389 783 2447 tradunt,
808 2387 905 2442 exuslit.
949 2394 951 2399 '

112 2461 277 2531 Metamorph.
298 2459 353 2514 Lu.
366 2464 372 2472 “
383 2481 408 2523 9.
436 2462 513 2512 Dirus
535 2478 596 2529 aper
615 2463 640 2513 in
658 2461 799 2514 Erimantho
818 2476 906 2514 monte

113 2535 250 2589 vastitatem
266 2537 331 2605 egris
349 2535 489 2588 afferebat:
513 2538 598 2587 viuum
618 2537 702 2602 cepit,
719 2536 907 2605 Eurydicenque

113 2611 216 2663 obtulit.
236 2611 325 2678 Neque
341 2610 402 2661 nihil
418 2611 524 2661 nocebat
540 2610 567 2659 in
584 2608 696 2662 Maenalo
708 2624 791 2661 monte
810 2627 905 2672 cerva,

113 2685 186 2739 ereis
203 2684 324 2751 pedibus,
343 2678 470 2751 aureisque
493 2683 607 2734 cornibus
623 2685 746 2751 praedite:
762 2686 827 2736 lianc
837 2702 913 2738 anno

111 2770 169 2810 toto
191 2758 338 2818 insecutus,
362 2758 466 2825 denique
484 2756 605 2809 assecutus
620 2759 676 2817 est,
693 2758 825 2826 jaculisque
844 2776 914 2811 con·-

113 2829 177 2884 fixit.
204 2832 295 2882 Damni
314 2833 369 2899 pits
387 2830 520 2882 afferebant
538 2834 653 2883 uolucres
674 2832 782 2899 quaedam
801 2832 828 2881 in
847 2834 906 2884 tacu

112 2906 283 2975 Stymphale,
307 2904 425 2957 inusitata
441 2905 610 2973 magnitudinis
639 2905 663 2954 dt
687 2907 800 2963 roboris,
820 2905 854 2955 ite
874 2919 906 2957 ut

112 2991 292 3049 pretereuntes
310 2981 433 3049 unguibus
456 2980 574 3029 laniarent
595 2995 603 3026 ι
632 2978 660 3029 iis
679 2979 770 3047 fugaris
791 2995 914 3045 magnum·

113 3053 149 3106 esi
170 3052 275 3119 adeptus
295 3055 395 3122 gloriam
411 3070 419 3103 e
435 3052 555 3121 majorem
572 3052 699 3104 debellatis
719 3052 905 3112 Amdzonibus,

113 3128 145 3178 ad
164 3126 266 3177 fluvium
284 3127 541 3185 Thermodoontem,
561 3126 721 3196 Metamorpln
742 3124 796 3175 Lii.
813 3143 826 3188 9
846 3142 853 3176 ε
875 3126 905 3177 bc

113 3201 226 3269 tyrannis
243 3201 356 3262 duobus,
373 3203 497 3253 Diomede
507 3219 535 3252 ac
556 3199 661 3252 Busiride
676 3199 825 3259 interseslis,
843 3216 909 3268 mro·

115 3290 173 3329 aum
190 3276 233 3329 bic
248 3275 277 3329 in
297 3273 414 3349 Egypto
430 3277 577 3348 peregrinos
596 3273 802 3406 atquexhospites
817 3273 911 3327 ian·-

715 3364 734 3402 a
