2192 3842
195 209 258 277 ET
276 210 531 279 HEROIBUS
552 212 801 283 POETlClS.
842 237 907 302 449

85 319 172 390 ⁴quit.
193 319 232 373 Ex
250 323 297 375 bac
315 321 445 374 Eteoclen
467 323 493 374 dc
517 322 661 393 Polynicen
678 340 688 384 ς
705 324 814 393 itemque
832 326 904 376 Anti·

94 411 228 465 gonem,
254 397 281 448 δι
308 397 426 450 lsnenani
448 397 507 449 tulit
529 415 539 459 3
566 415 613 449 nec
637 395 703 465 ptiiis
727 412 829 451 inatrenr
854 399 904 452 elle

93 470 172 522 suain
190 471 311 540 cognovit
322 482 337 532 ,⁶
349 475 437 540 quim,
455 472 509 524 orti
525 472 683 539 pellilentii,
703 485 773 539 vates
793 489 904 542 pronun·

93 542 210 597 slaffent
233 545 354 597 immilem
375 545 465 614 pestem
484 563 498 596 a
522 546 623 614 Superis
640 546 693 597 Lni
711 564 797 598 necem
823 547 905 597 vindi·

94 617 244 677 cantibus,
263 636 310 671 nec
330 618 472 680 defiturain,
489 619 531 671 nili
550 621 662 672 exularet
679 621 718 682 is,
737 637 811 690 aquo
828 620 907 672 Laius

94 692 187 745 eaesus
211 691 300 745 fuili'et.
319 692 483 762 Conpertum
499 694 604 762 denique
624 694 670 744 fuit
687 696 761 747 taedis
780 695 905 746 aufloretn

94 766 229 835 OEdipuni
248 766 318 828 elie,
336 769 497 837 eumdemque
514 782 616 820 tnattetn
635 768 726 820 habere
744 769 770 821 in
781 770 905 834 matrimo-

95 841 160 894 nio.
181 839 232 892 His
251 841 371 894 attonitus
388 842 491 903 infelix,
507 844 595 894 oeulos
610 843 675 893 eruit
692 842 750 903 fibi,
774 843 800 896 dc
815 843 842 893 in
858 860 905 893 vo·

94 915 245 967 lanterium
260 914 362 966 exilium
377 916 524 977 discedens,
543 933 646 987 regnum
667 915 767 969 Eteocli
782 917 809 971 bs
831 914 906 986 Poly·
923 976 931 987 .

93 989 155 1043 nisi
172 989 505 1059 edmirrillrandutnteliquit.

186 1135 261 1190 Cor.
273 1136 347 1193 xxi.
365 1137 551 1192 Eteoclis
563 1136 613 1190 ET
620 1135 833 1192 Polynicis.

100 1223 154 1339 E
164 1300 187 1337 τ
196 1297 215 1335 z
225 1296 243 1336 ο
253 1299 271 1336 c
279 1298 340 1336 us
364 1285 390 1338 dc
407 1284 556 1354 Polynices,
575 1283 655 1352 Gdipi
665 1283 723 1345 filii,
734 1301 768 1335 ne
778 1297 908 1352 paternum

99 1377 219 1430 regnum
238 1358 372 1410 dividendo
388 1359 562 1426 debilitarent,
583 1356 655 1415 satiris
676 1358 797 1409 duxerunt
816 1392 823 1418 ‚
845 1360 907 1410 illud

94 1435 262 1503 integrum,
286 1433 328 1484 sed
348 1434 449 1484 alternis
467 1433 555 1492 annis,
573 1431 702 1499 polidere.
723 1433 859 1492 Eteocles,
879 1446 908 1484 ut

101 1507 192 1578 major
214 1520 295 1566 natu,
315 1507 407 1574 primus
427 1507 540 1574 regnavit
559 1522 624 1558 anno
641 1506 708 1558 suot
727 1506 786 1568 sed,
807 1523 838 1557 eo
854 1507 910 1556 ela·

101 1581 171 1651 plo,
195 1581 316 1641 fratrem,
337 1593 423 1632 contra
440 1597 513 1648 quarn
526 1592 698 1636 convenerat,
716 1579 777 1631 solio
795 1577 910 1634 exclusit,

102 1655 281 1724 Metamorpl.
297 1653 353 1709 lib.
366 1673 393 1719 9.
410 1654 471 1707 Haec
487 1655 546 1706 belli
562 1653 693 1713 Thebani,
706 1668 720 1703 e
733 1652 815 1720 po'e'tis
827 1686 835 1712 ,
848 1670 908 1720 ptae·

102 1730 196 1783 settim
217 1747 232 1778 a
249 1728 347 1789 Statio,
367 1728 491 1779 decantari
502 1760 511 1788 ,
524 1726 606 1777 'causa
623 1724 755 1797 Polynices
773 1729 836 1778 enim
854 1744 910 1778 om-

105 1821 169 1856 nem
200 1800 354 1862 Graeciam,
381 1803 407 1854 iu
431 1819 496 1852 arina
520 1801 639 1860 excivit,
668 1801 760 1852 edicito
779 1801 805 1852 in
828 1801 910 1854 foedus

106 1876 223 1930 Adrasto
245 1908 253 1936 ,
276 1876 423 1945 Argivorum
442 1893 469 1926 te
488 1892 512 1927 e.
532 1875 637 1927 Tiresias
653 1873 726 1926 fausta
746 1876 825 1926 omnia
849 1893 910 1943 pro·

107 1952 253 2010 mittebat,
271 1948 451 2002 fiMoeneceus
468 1892 586 2001 {renatis
604 1947 687 2008 filius,
706 1949 804 2000 ultimus
822 1948 911 2000 Cadmi

108 2026 296 2095 posterorum,
326 2025 351 2075 se
370 2042 417 2091 pro
442 2024 520 2090 patria
543 2025 691 2073 devoveret.
716 2022 771 2073 Nec
791 2022 910 2074 dubitavit

109 2099 188 2152 fortis
212 2097 384 2156 adolescens,
412 2097 490 2147 invito
512 2108 607 2162 patre,
631 2108 780 2164 procurrere
801 2095 826 2145 in
852 2104 911 2148 con·

110 2173 226 2242 {pelium
247 2171 371 2228 bollium,
394 2170 421 2223 dt
441 2186 528 2223 auore
546 2170 613 2230 luo,
633 2169 770 2236 voluntarie
788 2168 910 2231 viilirua,

109 2247 198 2300 lirare.

151 2319 223 2371 ilinc
241 2316 345 2368 secunda
364 2317 443 2369 otnnia
460 2316 585 2368 Thebanis
604 2314 733 2368 cesserunt.
760 2314 837 2367 Multi
856 2316 911 2369 hof·

112 2394 177 2446 tiurn
200 2394 304 2451 duces,
331 2391 357 2443 δι
378 2390 521 2458 potiss'rmum
541 2390 670 2459 Tydeus,
689 2389 879 2458 Parthenopaeus
900 2423 914 2453 2

113 2467 258 2534 Capaneus
276 2498 284 2524 ,
305 2464 486 2532 Amphiarrirs,
514 2464 623 2516 maximis
638 2463 720 2532 janni
738 2465 854 2531 periculis
870 2482 912 2533 pe·

116 2539 257 2594 riere.·Ad
279 2551 414 2591 extrenum
433 2540 504 2590 atnbo
519 2539 629 2597 fratres,
648 2538 739 2589 crudeli
754 2540 820 2589 bello
838 2536 915 2589 finetn

114 2615 250 2682 imponere
276 2611 388 2681 singulari
410 2613 542 2664 certamine
566 2609 694 2680 aggrelii,
721 2612 785 2663 alter
810 2613 914 2666 alterius

116 2706 193 2741 manu
215 2685 368 2739 ceciderunt.
393 2687 449 2737 Nec
466 2686 515 2753 ipsa
536 2703 602 2737 mors
621 2684 704 2737 odium
724 2684 820 2738 illorum
838 2687 913 2738 inter·
1012 2746 1015 2751 r

117 2763 236 2815 necinurn
258 2759 371 2812 extinxit.
392 2761 421 2811 ln
442 2759 668 2827 eumdem.quippe
688 2775 774 2828 rogum
795 2759 914 2827 conjedlit

118 2835 301 2893 cadaveribus,
318 2834 411 2884 &mina
425 2833 511 2901 lpontd
528 2834 601 2884 divisa
615 2867 623 2890 ,
641 2833 726 2885 vivere
740 2835 766 2884 in
781 2833 835 2901 ipsis
849 2846 914 2886 ntor·

118 2923 223 2962 tuorum
252 2907 353 2959 fratrum
383 2907 505 2960 cineribus
523 2906 670 2958 inimicitias
693 2939 702 2965 ,
732 2907 915 2960 demonstravit.

121 2983 231 3041 Creon,
247 2980 360 3033 extinilis
377 2981 485 3048 OEdipo,
498 2979 599 3049 ejusque
617 2979 673 3032 filiis
686 3013 694 3039 ,
709 2997 829 3050 regnum,
846 2983 915 3048 quod

120 3055 177 3124 ipsis
196 3053 284 3122 spontd
304 3055 478 3115 concesserat,
497 3055 603 3121 recepit.
622 3054 738 3120 Ereptum
755 3070 817 3126 rogo
836 3054 915 3124 Poly·

122 3131 185 3182 rritis
208 3144 298 3194 corpus
318 3127 511 3180 &inhumatum
530 3127 646 3196 projecit·
666 3128 840 3197 Antigonen,
865 3129 915 3181 fre·

122 3205 168 3255 tris
189 3202 238 3253 offa
259 3214 371 3252 conatam
392 3203 515 3270 sepelire,
535 3202 616 3254 vivant
636 3203 710 3255 humo
726 3201 789 3268 juffir
807 3203 910 3258 infodit

13 3302 14 3309 ¹
121 3276 166 3333 [ed
181 3276 232 3346 ipsa
249 3274 415 3345 supplicium,
434 3275 499 3334 eliis
517 3277 628 3337 faucibus
647 3275 791 3333 antevertit.
810 3276 847 3335 Ar
858 3275 917 3346 ³¹2
