2192 3842
195 176 259 262 ,56
340 173 603 262 nuuaumx
635 173 701 237 nt
730 172 843 240 uus

196 283 300 337 advehis
323 284 471 333 oblivionem
494 281 579 350 patriae
599 280 723 339 afferret,
750 280 855 349 ejusque
876 279 1009 333 suavitate

197 372 287 426 captos
309 374 324 408 e
351 356 421 407 t'ociis
448 355 494 407 iuis
518 357 650 407 nonnullos
675 353 772 424 Ulysses
801 355 924 408 amiserit.
954 352 1012 407 Alfi

198 433 367 499 redintegrato
393 429 482 489 cursu,
505 430 611 481 Siciliam
640 446 696 481 cum
723 445 754 479 eo
780 441 933 481 tenuerunt.
952 430 1013 482 Sex

198 523 287 557 eorum
304 505 491 573 Polyphemus,
514 503 654 572 Cyclopum
678 501 836 564 teterrimus,
856 504 1012 555 devoravit.

103 628 106 631 .
200 580 363 648 Metamorpli.
383 577 439 629 Lib.
460 596 500 643 ¹4·
519 577 618 646 Ulyffes
634 576 694 629 vino
712 594 812 646 gravem
829 577 947 635 imam,
968 578 1012 629 ei·
1076 636 1078 641 y

199 672 251 722 que
265 671 360 710 unum.
371 669 448 721 »quem
464 653 488 703 in
507 651 590 702 fronte
607 652 685 704 media
699 653 819 720 gerebat,
834 654 944 702 oculum
960 668 1010 703 ex·

199 727 297 796 culpfit.
313 728 373 778 lade
389 726 421 777 ad
438 723 536 776 AEolum
555 725 661 793 propere
676 725 759 794 fugit,
776 726 817 794 qui
841 740 942 777 ventos
960 725 1009 776 acl·

200 803 286 854 versos
309 802 404 854 utribus
429 800 552 859 inclusos,
573 800 598 850 in
624 798 677 864 ejus
694 799 776 851 navim
796 799 920 868 congeffit
941 832 951 858 ,
973 816 1008 850 ne

201 887 335 927 nocerent.
361 875 437 926 Utres
464 874 570 924 tumidos
597 873 655 924 socii
675 872 738 924 mali
755 873 841 924 curiofi
860 874 1007 925 reclusere.

202 951 295 1003 Ventis
312 949 396 1000 solutis
417 964 488 999 novae
506 947 662 1015 tempestates
679 947 814 1006 excitatae,
835 964 904 998 nova
934 947 1007 1013 peri·

202 1025 271 1075 cula.
290 1023 323 1074 lis
340 1020 451 1087 jatiatum
469 1021 595 1089 Ulyssem,
615 1021 642 1072 δι
664 1038 680 1071 a
701 1019 913 1088 Laestrigonibus,
942 1021 1007 1073 For·
1076 1078 1078 1085 ¹

203 1097 309 1148 mianum
329 1097 387 1146 litus
405 1095 584 1154 incolentibus,
606 1108 681 1162 atque
704 1095 807 1165 humani
830 1110 907 1147 carne
934 1093 1009 1147 vesci

204 1170 300 1229 solitis,
323 1168 387 1235 pen¹e
409 1168 563 1236 opprelium,
587 1167 699 1220 inlidiosi
722 1169 871 1237 benignitate
895 1169 1007 1236 excepit

203 1243 296 1303 Circe,
313 1242 402 1294 famosa
417 1242 538 1294 venefica.
558 1243 621 1294 Haec
641 1243 721 1294 socios
741 1241 832 1312 Ulyffis
848 1242 1004 1294 inferarum

204 1318 272 1368 varia
289 1316 392 1368 monstra
407 1317 589 1368 transformavit
606 1317 682 1382 :ipse
699 1328 765 1367 artes
781 1317 890 1385 magicas
909 1316 1005 1378 elufit,

202 1390 329 1442 instruiiuo
345 1389 423 1442 berbi
441 1390 533 1459 Moly,
546 1391 668 1460 sapientiae
687 1389 818 1459 symbolo,
835 1407 850 1439 a
865 1388 1006 1442 Mercurio

204 1463 248 1517 fibi
269 1463 368 1514 donata.
394 1462 556 1533 Metamorpl.
579 1464 625 1516 Lib
644 1482 685 1530 ³4·
704 1463 796 1516 Eidem
823 1462 899 1514 Circe
930 1464 1004 1532 adju·

129 1552 133 1557 ’
203 1537 505 1598 vante,a‹s1itinieros‚
528 1537 570 1588 ubi
588 1556 603 1588 a
620 1534 712 1588 Tiretia
732 1550 789 1589 vate
809 1539 887 1587 multa
906 1537 940 1588 tle
961 1554 1005 1588 re·
1077 1572 1078 1579 η

204 1614 252 1664 bus
271 1611 401 1678 aliquando
427 1610 468 1661 fibi
488 1611 614 1663 eventuris
634 1611 763 1679 cognovit.
790 1609 847 1662 Pari
878 1611 1005 1663 felicitare

202 1703 236 1737 ac
255 1686 383 1753 prudentii
401 1684 514 1737 Sirenum
536 1685 636 1736 dolosos
655 1697 763 1745 cantus,
782 1685 807 1736 in
826 1684 919 1736 eodem
938 1685 1004 1754 Tyr·
1077 1732 1078 1741 ,

205 1760 285 1810 rheno
300 1760 373 1809 litore
392 1756 496 1827 effugit,
516 1759 637 1810 sociorum
657 1758 755 1810 auribus
777 1758 834 1809 teri
856 1759 1001 1819 obturatio,

203 1833 257 1899 ipie
274 1832 305 1882 ad
329 1832 417 1882 malum
435 1833 556 1901 alligatus.
573 1833 634 1883 Inde
659 1832 765 1883 Siciliam
790 1830 886 1885 rursilm
907 1833 1000 1884 tenuit.

207 1906 275 1958 Solis
300 1907 377 1956 boves
404 1902 523 1957 Phaitusa
550 1906 656 1975 nympha
679 1906 820 1974 pascebat:
845 1918 1002 1975 praeceperat
1059 1918 1063 1929 ·

203 1979 281 2031 enixe
297 1979 370 2031 sociis
389 1978 505 2048 Ulyss'es,
527 1992 556 2031 ut
573 1980 645 2032 sacris
663 1981 778 2031 armentis
803 1992 974 2047 temperarent
990 1998 1002 2042 ς

204 2053 304 2106 auditus
326 2071 377 2105 non
392 2052 437 2102 eli.
456 2053 542 2120 ltaque
561 2054 620 2105 Sole
644 2053 732 2114 irato,
753 2070 831 2105 naver
852 2071 908 2106 cam
929 2054 1001 2107 sociis

204 2127 305 2187 amifit,
321 2126 413 2195 virque
430 2126 465 2178 in
477 2127 559 2180 frattae
577 2122 637 2178 ratis
655 2128 739 2178 tabula
757 2128 867 2179 enatavit
881 2129 913 2178 ad
931 2129 1000 2197 Ogy-

207 2203 271 2272 giam
288 2201 405 2259 insulam,
422 2200 463 2251 ubi
479 2201 574 2252 recenti
592 2200 690 2270 navigio
709 2199 838 2254 instrutiua
853 2219 868 2254 a
886 2204 1002 2271 Nympha
1060 2224 1077 2243 ν

208 2275 345 2344 Calypso,
367 2273 428 2325 mati
449 2274 474 2325 se
497 2273 624 2326 commifit.
648 2273 723 2327 fauo
742 2274 833 2327 iterum
853 2277 1001 2346 naufragio,
1076 2342 1077 2345 Ἴ

208 2349 279 2417 cujus
298 2348 382 2399 auilor
401 2349 550 2416 Nepttrnus,
571 2347 750 2416 Polyphemum
771 2348 847 2400 filium
865 2351 896 2400 ab
915 2351 1001 2420 Ulyfl'e

206 2438 359 2474 excaecatum
374 2421 439 2491 aegr'e
455 2422 557 2483 ferens,
574 2421 647 2473 evasit
662 2439 710 2489 ope
725 2422 877 2474 Leucothea
891 2424 917 2476 in
934 2425 999 2477 insu·
1076 2470 1077 2481 ,

166 2512 169 2516 ·
207 2499 256 2549 lam
266 2496 401 2566 Corcyram
414 2513 423 2554 ς
436 2495 461 2549 &
475 2497 587 2562 acceptia
598 2497 628 2546 ab
641 2495 760 2555 Alcinio,
777 2496 904 2549 Phaeacum
920 2516 996 2567 rege,

207 2573 310 2623 navibus
339 2572 446 2622 ithacam
471 2570 561 2638 attigit.
582 2569 690 2622 Domum
710 2570 801 2630 suam,
830 2570 912 2623 rustici
931 2575 998 2626 cultu

143 2697 145 2701 ,
206 2645 344 2712 ingreffus‚
363 2643 561 2710 cognoscendum
586 2643 611 2695 se
629 2643 782 2696 Telemacho
800 2641 875 2705 filio,
896 2647 923 2698 &
945 2645 997 2700 fidit

207 2719 303 2785 aliquot
325 2717 419 2768 famulis
446 2717 657 2784 dedit,¹quorum
684 2717 761 2785 operi
785 2718 867 2786 procia
890 2719 996 2781 deletio,

208 2792 336 2851 fortunas,
355 2806 506 2858 uxoremque
522 2789 682 2860 Penelopen,
697 2792 864 2860 recuperavit.
881 2792 920 2844 Re
936 2795 999 2847 bene

209 2867 275 2938 gesti
292 2869 374 2918 laetum
395 2865 486 2915 tacitus
503 2867 610 2932 angebat
626 2878 725 2923 metue,
747 2882 809 2917 nea
833 2865 885 2917 filio
906 2867 999 2919 interfi-
1075 2872 1076 2919 ἶ

209 2954 309 2994 teretur
330 2957 339 2999 ;
357 2939 382 2989 id
400 2940 464 2991 enim
482 2937 587 2989 Tirefias
604 2939 766 3005 predixerat:
782 2955 812 2989 ac
822 2957 854 2991 ne
867 2939 999 2994 tristivati·

208 3015 276 3068 cinio
290 3013 363 3065 fidem
378 3013 491 3072 iaceret,
509 3013 632 3079 cogitabat
651 3012 766 3065 secedere
780 3012 805 3063 in
819 3013 923 3080 aliquam
944 3015 996 3067 soli·

208 3090 337 3144 tudinem,
359 3085 414 3137 cuim
442 3085 606 3154 Telegonus,
628 3103 701 3155 quem
724 3103 739 3138 e
767 3085 842 3138 Circe
864 3101 996 3157 genuerat,

208 3163 295 3214 audito
317 3161 385 3212 felici
404 3160 478 3228 patris
500 3160 526 3209 in
545 3160 653 3212 itacham
675 3160 806 3220 adventu,
830 3160 999 3232 acceffit'gra.

208 3237 343 3297 tutaturus,
361 3234 429 3288 Dum
451 3247 478 3288 ut
495 3234 596 3306 ignotus
622 3234 897 3306 repelliturfnonnibil
910 3239 999 3289 timul·
