2192 3842
229 201 294 265 454
373 172 636 244 APPENDIX
666 171 729 236 DE
758 172 874 239 Dlls

232 288 263 358 iae
285 289 361 341 satum
385 288 411 339 dt
434 287 538 337 felicitas
569 283 690 334 contineri
712 284 855 349 putabatur.
886 281 984 352 Equum
1001 281 1029 336 in

232 366 307 415 litore
325 362 433 413 relislum
453 393 462 420 ,
490 358 585 411 Graecis
605 359 636 406 ad
654 358 754 407 insulam
771 358 908 408 Tenedum
933 359 1033 426 prosec-

233 440 290 498 tis,
316 436 420 505 Trojani
446 434 471 485 in
500 436 585 483 urbem
611 432 732 482 inducunt
753 464 762 490 ‚
791 432 877 483 diruti
906 450 1034 483 nauroun

232 524 323 580 parte,
341 528 384 578 per
406 525 477 576 quarn
496 507 582 560 Graeci
600 506 673 557 nottu
693 522 708 556 e
728 506 808 557 vicina
826 507 908 558 insula
924 507 1036 558 Tenedo

232 585 351 646 revera,
374 585 514 642 subierunt.
536 581 701 633 &civitatem
717 580 802 633 somno
821 598 852 632 ac
874 581 938 632 vino
952 582 1036 648 sepul-

233 672 284 712 tam
300 659 471 710 incenderunt.
490 656 563 707 Hanc
577 656 624 705 illis
641 657 670 705 ab
686 653 766 705 AEnea
780 655 806 705 8(
823 658 963 707 Antenore
975 671 1035 722 pro·

235 734 310 784 diram
330 732 398 785 suille
418 732 480 782 sama
500 730 543 781 est.
567 729 696 798 Pyrrhus,
726 729 948 787 nobilioribus,
968 728 1037 780 Pria·

233 825 300 858 nrum
316 807 346 858 ad
367 805 436 860 Jovis
459 821 524 855 aram
541 803 689 872 jugulavit3
717 803 851 854 immolavit
877 802 1034 872 Polyxenam

235 883 266 932 ad
285 882 387 934 Achillis
409 879 450 947 qui
469 878 522 947 ejus
541 878 638 945 nuptias
654 877 772 927 ambierat
787 874 795 937 ,¹
813 879 954 928 tumulum.
980 877 1035 928 Me·

235 952 380 1024 eumorphos.
405 954 461 1005 Lib.
483 969 518 1020 ¹3·
537 952 733 1003 Andromacham
757 951 877 1003 Hectoris
899 951 1037 1020 conjugere

233 1031 336 1081 abduxit
352 1030 377 1081 in
398 1028 529 1081 Graeciam.
546 1025 613 1077 Paris
628 1026 714 1094 sagitta
731 1025 846 1082 Herculia
858 1043 874 1076 a
894 1024 1037 1077 Philoctete

235 1103 346 1154 confixus
365 1100 408 1153 est.
429 1100 559 1151 Menelaits
578 1101 700 1151 Helenam
720 1100 905 1166 aDeiphoho,
927 1102 972 1151 cui
987 1098 1037 1167 post

235 1175 348 1228 Paridem
370 1175 477 1227 occisum
495 1167 609 1242 nupserat
626 1208 634 1234 ,
651 1173 755 1241 recepit.
775 1175 875 1243 Ulysles
896 1175 1036 1244 Astyanac-

235 1263 287 1303 tem
297 1286 305 1310 ‚
316 1250 431 1302 Hesloris
439 1248 531 1305 lilium,
542 1267 557 1300 e
567 1249 657 1300 summa
673 1249 734 1302 turri
749 1248 918 1314 dejiciendum
929 1250 1036 1300 curarit.

236 1322 427 1393 Metamorphos.
447 1323 502 1374 Lib.
527 1341 565 1391 13.
579 1323 643 1389 Ajax
665 1322 736 1374 Oilei
760 1321 825 1374 filius
845 1322 1037 1383 „Cassandra

237 1397 327 1450 Priami
335 1397 403 1458 filia,
424 1397 562 1455 temerati.
583 1396 705 1457 Palladis.
729 1395 799 1463 cujus
821 1392 981 1448 ad'statuam
995 1415 1037 1448 ve·

236 1472 284 1524 luti
300 1474 330 1524 ad
349 1473 439 1542 asylum
458 1473 498 1522 illa
515 1471 681 1541 confugerat,
702 1471 760 1522 iram
780 1472 806 1522 in
827 1471 852 1522 se
875 1472 1037 1523 concitavit:
1079 1468 1080 1473 ’

238 1565 314 1614 quare
341 1548 405 1599 sado
432 1546 559 1614 naufragio
582 1578 590 1605 ‚
619 1545 720 1596 fulmine
746 1545 920 1614 conflagravit.
954 1544 1038 1597 Claffis
1079 1596 1080 1599 ,

240 1621 386 1673 Graecorum
410 1621 441 1671 ad
464 1620 608 1687 Caphereos
631 1620 770 1687 scopulos,
796 1621 881 1670 insulae
906 1620 1036 1676 Euboeae,

236 1696 322 1755 allisa,
339 1694 500 1761 Metamorph.
527 1694 584 1746 Lea
605 1711 652 1761 ις,
683 1710 792 1762 magnam
818 1706 916 1761 partem
944 1695 1036 1761 periit,

238 1770 337 1837 Nauplii
360 1770 476 1827 scelere,
500 1768 541 1835 qui
571 1769 656 1819 dolent
683 1766 757 1818 lilium
781 1767 848 1818 suum
877 1767 1037 1819 Palamedem
1079 1786 1080 1827 3

238 1846 269 1893 ab
290 1843 375 1911 Ulylle
395 1842 455 1892 salso
474 1842 575 1892 crimine
594 1842 754 1901 accusatum,
773 1841 800 1891 δι
817 1860 831 1892 a
847 1841 951 1895 Graecia
969 1843 1038 1893 darn·

238 1930 321 1968 natum
341 1951 350 1977 ,
369 1917 439 1985 ignes
460 1917 592 1967 nosiurnos
612 1933 628 1967 e
646 1917 756 1968 cautibus
780 1916 897 1976 extulit,
922 1918 958 1967 ad
977 1932 1036 1985 quat

240 1991 316 2043 classrs
336 2026 344 2052 ‚
371 2004 470 2058 portum
491 2003 542 2042 rata
562 2025 569 2050 ,
594 2009 638 2058 per
666 1992 782 2042 tenebras
803 1989 903 2043 temere
929 1993 1035 2059 appulit.

239 2066 352 2135 Contigit
377 2065 462 2134 Trojae
488 2065 610 2115 excidium
641 2082 707 2116 anno
730 2065 813 2115 mundi
842 2066 883 2117 bis
909 2065 1036 2120 millesono

152 2204 157 2215 J
238 2139 438 2210 oclingentesrmo
464 2138 663 2207 septuagesimo,
690 2137 745 2191 ciun
765 2138 844 2190 aiilon
862 2140 980 2191 Hebraeis
998 2139 1037 2208 jus

240 2215 344 2267 diceret.
367 2213 434 2264 Caesa
455 2213 504 2263 else
526 2215 686 2280 perhibentur
704 2213 728 2264 in
749 2229 781 2263 eo
801 2216 870 2279 bello
892 2247 901 2273 ,
928 2213 1036 2267 Graeco·

240 2306 294 2341 rum
327 2289 463 2356 oslingenta
498 2288 622 2355 osloginta
652 2287 693 2339 sex
724 2284 828 2339 millia‘r
865 2288 1037 2355 Troianorum

238 2365 320 2487 appia,
354 2376 411 2413 ante
432 2377 528 2429 captam
547 2364 632 2414 urbem
654 2396 663 2426 ,
686 2360 800 2413 sexcenta
820 2362 975 2431 septuaginta
995 2363 1038 2413 sex

283 2560 352 2613 cn.
364 2559 465 2616 xxvr.
484 2558 732 2613 acauauuou
746 2559 797 2612 ar
814 2556 988 2613 onasum.
1078 2546 1079 2579 ¹

240 2669 525 2785 Aonmemu'ou
555 2730 653 2781 domum
679 2730 776 2787 redux,
803 2726 982 2780 Clitemnestroe
1007 2729 1034 2781 dt

239 2802 375 2874 AEgyslhi‚
403 2802 457 2869 ejus
480 2805 586 2855 adulteri
605 2837 613 2864 ,
636 2805 704 2856 ferro
724 2803 823 2854 cecidit.
846 2801 948 2854 Orestes
965 2805 1035 2855 ultus

239 2879 274 2931 esl
294 2879 369 2946 patris
395 2891 528 2937 mortem,
556 2877 684 2945 perempta
703 2890 800 2928 matre:
820 2893 892 2942 quam
911 2875 966 2926 ciam
987 2881 1035 2928 ob-

239 2953 332 3006 versari
348 2951 390 3004 srbi
410 2953 503 3019 semper
519 2953 632 3003 crederet
650 2951 719 3003 tedis
737 2951 764 3003 dt
783 2951 935 3017 serpentibus
954 2969 1035 3002 arma·

241 3042 290 3078 ram
311 3061 318 3087 ‚
346 3028 471 3077 oraculum
490 3027 621 3079 consuluit.
643 3026 680 3077 Eo
698 3025 799 3091 jubente
820 3060 829 3082 ,
854 3024 880 3074 in
900 3025 1034 3075 Tauricam

242 3100 420 3153 Chersonesum
440 3101 568 3151 contendit
588 3102 677 3157 comite
699 3098 813 3168 Pylade,
839 3098 906 3167 regis
923 3099 1036 3165 Strophii

241 3175 313 3228 filios
334 3175 403 3240 cuius
424 3175 552 3226 amicitiam
569 3172 623 3224 chm
641 3176 666 3226 in
685 3172 793 3225 maximia
810 3184 883 3224 antea
902 3175 1033 3239 periculis,

240 3262 294 3302 uun
314 3250 340 3301 in
362 3251 411 3301 hoc
433 3249 557 3317 precipue
579 3251 637 3302 loco
660 3247 695 3302 eu
717 3259 844 3318 expertae·
870 3245 932 3300 Mor
959 3260 1031 3309 erat.

1069 3434 1078 3481 s
