2192 3842
226 252 288 318 ET
308 248 565 318 HEROIBUS
585 250 834 320 POETICIS.
875 276 937 343 437

141 360 203 410 bant
218 360 299 426 po‘e'tae
316 376 325 412 t
345 361 386 428 qui
408 374 489 414 tamen
515 360 665 428 peculiarem
688 362 798 421 Deum,
824 363 936 420 Plutonia

141 433 327 494 administrum,
355 436 445 487 divitiis
471 437 661 503 prefecerunt,
690 434 788 488 Plutum
815 440 934 493 nominet

143 507 257 558 claudum
272 508 383 570 faciunt,
396 511 453 577 quia
469 509 538 561 tarde
555 521 724 578 comparantur
734 526 795 579 opes
805 528 815 570 3
827 529 935 577 cecum,

140 582 200 648 quia
217 581 280 650 saepe
298 582 423 635 immeritis
440 584 596 652 contingunt.

214 717 357 783 elenu.
376 729 803 793 PAN,FAvas,SAT1'RI,
817 731 865 785 ec.

144 814 226 930 U'r
236 878 294 928 coeli
306 877 475 930 &inferorum
486 912 493 938 ,
506 877 538 930 sic
548 890 621 930 terrae
635 878 732 946 propria
742 879 850 947 quedam
864 880 935 932 erant

139 951 246 1000 numina.
270 951 408 1020 Principem
428 954 493 1004 inter
510 953 616 1022 agrestes
639 955 712 1004 Deos
737 954 820 1004 locurn
834 953 935 1005 obtine·

140 1023 201 1074 bant
222 1024 292 1085 Pan,
315 1027 341 1076 δι
358 1025 437 1080 Pales.
459 1026 509 1077 Pan
533 1027 655 1077 Mercurii
674 1025 755 1087 filius,
775 1028 841 1094 capri
860 1042 934 1094 caput

139 1112 172 1146 ac
191 1098 287 1163 pedes,
302 1116 399 1151 necnon
417 1102 536 1158 barbam,
558 1101 585 1152 δι
605 1117 697 1151 cornua
714 1103 815 1169 gerebat
839 1117 846 1153 a
865 1102 934 1152 illurn

142 1172 321 1223 comitabantur
337 1174 437 1236 Satyri,
456 1191 506 1224 non
522 1172 643 1225 dissimiles
660 1175 788 1242 citemque
804 1172 933 1234 Silvanus,

139 1243 252 1295 silvarum
271 1247 370 1313 praeses.
390 1248 418 1296 ln
438 1245 543 1297 Arcadia
561 1246 684 1313 praecipue
711 1249 838 1298 colebatur
857 1247 932 1299 Pan:

137 1319 197 1384 ejus
215 1319 239 1368 in
255 1321 374 1371 honorem
395 1320 499 1370 Romani
517 1320 598 1370 rnense
618 1320 750 1388 Februario
778 1323 934 1374 celebrabant

136 1392 284 1458 lupercalia
298 1409 304 1444 :
317 1395 403 1461 quibus
419 1395 443 1443 in
462 1392 542 1452 sellis,
553 1394 659 1460 Luperci
670 1427 678 1453 ,
688 1391 766 1445 Panos
777 1394 935 1456 sacerdotes,

138 1467 200 1518 nudi
217 1483 262 1532 per
276 1468 361 1518 urbem
378 1467 553 1518 discurrebant.
570 1466 638 1527 Pan,
656 1479 685 1518 ut
708 1467 757 1534 ipsa
778 1485 828 1518 vox
845 1467 934 1521 Graeca

139 1539 239 1599 innuit,
257 1557 286 1591 ac
302 1541 406 1592 testatur¹
419 1541 519 1592 Servius
531 1574 539 1599 ,
553 1541 687 1610 symbolum
703 1552 757 1592 erat
773 1540 894 1612 universi,
908 1543 934 1594 in

139 1630 191 1682 quo
205 1614 315 1665 homines
334 1614 420 1666 belluis
441 1614 511 1665 mixti
527 1614 581 1665 sunt
602 1630 610 1665 a
631 1614 713 1682 itaque
731 1613 834 1680 superne
854 1615 935 1666 homi·

138 1687 195 1748 nis,
207 1688 302 1740 inferne
317 1690 418 1756 pecudis
437 1687 542 1755 speciem
561 1690 671 1756 gerebat.
687 1686 797 1739 Fistularn
808 1687 932 1756 gestabat,

37 1811 47 1819 ,
134 1761 172 1812 ad
196 1760 376 1831 significandum
404 1764 508 1831 partium
540 1761 641 1823 mundi,
661 1760 795 1830 junslarunr
818 1762 884 1814 inter
908 1763 934 1815 se

139 1836 228 1886 ordine
244 1837 427 1903 pulcherrimo,
440 1848 596 1888 concentum.
611 1835 699 1888 Narrat
719 1833 846 1887 Pausaniae
857 1870 864 1896 ‚
877 1834 934 1888 crim

142 1907 230 1967 Galli,
247 1910 344 1961 Brenno
361 1911 443 1971 duce,
464 1910 587 1963 Graeciam
603 1909 796 1976 percursantes,
815 1911 933 1976 templum

139 1982 291 2050 Delphicum
311 2000 425 2053 pararent
441 1985 564 2052 spoliare,
580 1981 696 2050 injectum
713 1976 761 2034 illis
775 2000 790 2032 a
809 1982 875 2034 Pane
889 1985 934 2035 im·

136 2058 263 2125 provisum
283 2072 422 2119 terrorem,
440 2075 489 2126 quo
507 2055 610 2125 percuss
626 2056 808 2125 omnesJugarn
825 2057 934 2125 arripue-

35 2162 38 2165 ·
139 2132 212 2184 rint:
231 2131 289 2184 inde
312 2146 414 2191 natum,
431 2147 458 2183 uc
474 2145 557 2183 terror
572 2130 620 2182 sine
643 2129 712 2182 causa
728 2129 871 2197 susceptus,
892 2148 934 2197 pa·

135 2206 208 2258 nicus
223 2208 370 2274 appelletur.
388 2204 459 2257 Pales
474 2206 657 2256 invocabatura
672 2202 807 2255 Palloribus
823 2219 831 2256 c
847 2204 933 2258 eadern

139 2296 169 2332 ac
191 2279 288 2348 Cybele
305 2280 353 2331 else
373 2281 512 2347 putabatur.
527 2279 587 2347 Ejus
608 2278 666 2329 fella
681 2275 763 2328 Palilia
776 2278 934 2339 celebraban·

139 2366 180 2405 tur
193 2353 272 2420 Aprili
289 2366 405 2406 exeunte.
422 2354 518 2405 Faunus
536 2369 635 2420 quoque
652 2350 705 2402 Pici
716 2384 724 2407 ,
736 2349 878 2403 Latinorum
889 2369 933 2404 re·

140 2425 194 2496 gis,
212 2424 296 2486 filius,
315 2426 340 2477 in
363 2425 489 2496 agrestium
510 2427 623 2477 Deorum
645 2440 770 2489 numerum
789 2423 933 2486 veniebat.

140 2502 197 2568 quia
212 2503 286 2551 multa
303 2501 424 2553 docuerat
437 2501 548 2554 homines
566 2499 596 2551 ad
611 2500 767 2569 agriculturae
784 2499 852 2550 usum
865 2499 933 2568 spec·

140 2587 227 2626 cantra.

178 2647 286 2699 Pomona
303 2647 443 2706 srusluum3
459 2648 553 2707 Plora,
570 2646 611 2698 seu
630 2646 746 2704 Chloris,
760 2646 848 2698 florum
861 2663 932 2716 gete·

139 2724 183 2773 bat
197 2739 286 2774 curam.
305 2722 367 2773 Ludi
384 2721 437 2788 ejus
454 2722 478 2771 in
499 2723 618 2772 honorem
638 2721 757 2772 celebrati
780 2723 933 2787 vocabantur

139 2796 263 2854 Floralia,
282 2796 307 2847 ἅ
325 2795 383 2846 tubi
402 2796 579 2847 indicebantur.
599 2793 720 2845 Praetereb
740 2794 806 2844 strum
835 2794 933 2862 singulis

138 2869 269 2926 sontibus,
285 2868 386 2928 fluviis,
404 2870 535 2932 domibus,
551 2868 707 2926 bominibus,
727 2867 810 2918 Deum
831 2866 933 2936 asfigna-

130 2945 209 2997 bant.
225 2942 359 2995 Domestici
375 2944 417 2993 Dii
437 2942 528 3001 Lares,
545 2942 594 2992 siae
613 2939 717 2992 Penates
736 2941 932 3008 appellabantur.

140 3017 217 3068 Lares
230 3017 339 3068 uicortun
357 3018 430 3067 etiam
444 3052 452 3076 ,
466 3016 627 3083 itinerumque
645 3013 756 3082 praesides
775 3027 844 3065 erant
858 3029 868 3066 t
884 3015 933 3067 ita·

140 3107 190 3160 que
208 3091 234 3141 in
249 3089 308 3141 uicis
326 3092 351 3141 ἃ
370 3091 481 3158 compitis
496 3091 657 3148 colebantur,
679 3089 704 3140 δι
722 3087 785 3140 ludis
799 3089 824 3138 in
845 3104 931 3139 eorum

100 3192 102 3196 ·
140 3166 260 3217 bonorem
282 3164 434 3223 celebratis,
463 3160 636 3231 Compitalitiis
658 3178 747 3212 nomen
773 3172 835 3212 erat.
858 3161 932 3215 Tunc

140 3240 266 3290 hominurn
287 3235 405 3304 effigiese
427 3239 500 3297 lana,
520 3252 642 3305 tamquam
661 3235 762 3286 vistimae
781 3235 931 3303 piaculares,

141 3313 350 3383 suspendebantur
363 3314 389 3362 in
405 3311 536 3380 compitis,
548 3313 745 3434 rogabanturqure
763 3308 837 3362 lares
849 3323 895 3372 ,ut
906 3312 932 3361 ln

758 3399 784 3451 ul
